1996 3071
976 228 1032 276 22

233 360 236 363 ·
294 351 470 393 secutus
502 348 752 406 ‘composita
783 338 1022 406 regiminis'
1054 354 1192 407 vocat,
1231 350 1324 407 ipse
1356 350 1409 394 de
1450 363 1503 394 ea
1535 353 1709 394 senten-

294 421 357 462 tia
390 424 507 463 stare
538 420 725 477 videtur,
766 420 1008 464 membrum
1039 421 1158 478 prius
1200 434 1276 478 pro
1309 414 1582 464 substantivo*
1613 434 1708 464 esse

296 491 577 554 sumendum3
627 491 927 535 distribuenda
971 491 1106 547 igitur
1147 506 1204 534 ex
1245 493 1340 535 eius
1387 492 1603 536 sententia
1643 496 1710 535 est

248 567 253 572 '
295 576 383 605 vox
416 564 492 619 ita,
528 568 577 605 ut
608 564 727 620 prius
758 563 1018 605 vocabulum
1041 563 1097 605 sit
1120 564 1405 620 compositum
1435 564 1709 606 immutatum

297 633 627 691 ‘turpilucrum'‚
675 634 892 690 posterius
935 633 1157 690 ‘cupidus’.
1225 633 1391 676 Verum
1432 634 1708 676 adnotatione

298 704 496 747 subiecta
528 704 748 761 indicavit,
781 718 873 747 rem
895 704 1040 761 potius
1072 705 1117 746 in
1140 705 1304 747 incerto
1337 718 1431 747 esse
1463 705 1710 761 relinquen-

296 774 408 831 dam,
441 789 537 817 cum
579 775 812 832 dubitaret,
854 790 957 817 num
999 779 1116 818 recte
1160 774 1355 818 fortassis
1387 776 1466 818 hoc
1497 776 1590 819 loco
1621 790 1708 818 vox

300 845 740 902 ‘turpilucricupidus'
783 846 970 902 legatur.
1032 845 1123 888 Vix
1153 859 1257 888 vero
1297 845 1350 888 de
1382 846 1509 888 huius
1542 845 1709 889 decom-

297 917 429 973 positi
461 916 659 973 partibus
692 916 873 959 dubium
911 930 1136 959 remanere
1174 915 1331 974 potest,
1365 918 1401 959 si
1440 917 1732 960 intellectum'

294 987 413 1028 vocis
446 986 689 1028 accuratius
720 986 766 1027 in
789 985 1071 1028 discernendo
1093 987 1138 1027 in
1170 986 1334 1028 calculo
1365 1000 1589 1042 ponamus.
1634 986 1707 1028 In-

294 1056 468 1099 venitur
499 1070 604 1099 sane
635 1057 681 1099 in
711 1055 844 1113 Apul.
868 1055 1002 1100 doctr.
1033 1056 1146 1099 Plat.
1167 1070 1256 1099 vox
1288 1056 1596 1114 ‘lucricupido',
1623 1070 1708 1114 qua
1745 1057 1750 1062 ”

296 1141 343 1170 re
377 1127 573 1170 fortassis
607 1127 741 1184 dubii,
775 1127 890 1184 quod
920 1128 1055 1170 Besta
1076 1128 1223 1184 movit,
1256 1128 1403 1185 aliqua
1434 1129 1544 1170 ratio
1577 1127 1708 1170 habe—

296 1198 333 1240 ri
366 1199 518 1255 possit.
580 1198 737 1255 Nepue
770 1202 916 1241 tamen
948 1199 1048 1241 huic
1080 1199 1144 1241 rei
1175 1199 1314 1241 maius
1346 1202 1612 1242 momentum
1642 1202 1709 1241 est

293 1269 584 1325 tribuendum,
618 1279 747 1326 quam
776 1270 830 1325 ei,
870 1269 984 1326 quod
1012 1271 1056 1312 in
1091 1270 1329 1325 Augustini
1353 1271 1523 1327 scriptis
1545 1271 1707 1326 legitur

295 1365 348 1371 —
393 1340 700 1397 ‘turpilucrus'‚
742 1354 827 1397 qua
867 1354 972 1383 voce
1011 1354 1217 1397 graecum
1259 1367 1312 1372 -—-
1357 1333 1705 1400 ‘aloxoo-xepdbg'

289 1410 552 1453 verbotenus
583 1411 791 1453 redditur.
853 1411 940 1453 Sed
970 1411 1145 1454 redeam
1178 1412 1292 1453 unde
1331 1413 1471 1468 abripi
1508 1426 1576 1454 me
1608 1426 1704 1468 pas-

293 1496 366 1524 sus
399 1495 495 1524 sum
527 1482 699 1537 longius
733 1486 777 1524 et
814 1482 945 1524 verbo
978 1482 1071 1525 dico
1104 1483 1157 1525 de
1196 1482 1422 1526 intellectu
1452 1482 1569 1525 vocis
1602 1482 1704 1525 ‘tur-

290 1552 662 1609 pilucricupidus'.
716 1552 852 1605 *Quod
882 1554 919 1594 si
950 1545 1223 1609 poneremus,
1255 1554 1373 1609 prius
1395 1552 1595 1594 vocabuli
1627 1549 1701 1594 de-

292 1623 520 1681 compositi
551 1622 793 1666 membrum
837 1637 931 1667 esse
964 1623 1224 1667 adiectivum
1262 1623 1446 1681 ‘turpis-³
1485 1622 1699 1681 posterius

294 1694 633 1751 ‘lucricupidus',
665 1696 727 1736 ita
749 1699 799 1736 ut
830 1696 870 1737 ei
903 1695 1056 1750 ordini,
1089 1696 1142 1737 de
1172 1709 1255 1750 quo
1288 1694 1368 1736 sub
1389 1695 1427 1737 B
1459 1697 1483 1745 ξ
1514 1696 1540 1736 2
1572 1707 1703 1748 agen-

292 1765 395 1808 dum
432 1769 511 1822 est,
559 1765 769 1823 cuiusque
815 1765 989 1808 unicum
1031 1765 1281 1822 exemplum
1327 1763 1704 1821 decompositionis

293 1836 419 1891 foret,
460 1836 814 1890 subiungendum
852 1841 982 1892 esset,
1023 1837 1068 1878 id
1099 1841 1404 1891 statueremus,
1436 1835 1532 1877 fieri
1562 1847 1702 1890 posse,

291 1912 341 1950 ut
371 1909 418 1951 in
450 1907 754 1964 decompositis
776 1906 1011 1949 formandis
1038 1903 1238 1950 vocabuli
1269 1920 1368 1949 una
1389 1909 1558 1949 tantum
1588 1918 1701 1962 pars,

292 1992 404 2020 novo
437 1978 746 2030 additamento,
780 1982 880 2020 ante
913 1978 986 2020 vel
1014 1982 1113 2035 post
1137 1978 1292 2034 posito,
1326 1977 1567 2019 accuratius
1600 1975 1703 2017 defi-

292 2049 439 2092 niatur
469 2050 554 2105 vel,
594 2049 708 2106 quod
746 2049 801 2091 ad
838 2063 1012 2091 sensum
1044 2049 1213 2105 attinet,
1252 2052 1552 2091 commutetur.
1613 2046 1703 2089 Ad-

293 2121 451 2164 iectivo
491 2121 627 2177 igitur
665 2119 830 2177 ‘turpis'
864 2119 1023 2176 addito,
1063 2110 1289 2177 compositi
1327 2118 1530 2162 adiectivi
1562 2117 1702 2160 ‘lucri—

290 2192 485 2248 cupidu's'
518 2193 638 2249 prius
669 2191 910 2234 membrum
940 2196 1108 2234 tantum
1140 2191 1406 2234 definiretur.
1469 2189 1595 2243 Quod
1623 2189 1700 2231 fie-

292 2264 329 2306 ri
382 2277 509 2320 posse
560 2263 733 2306 omnino
790 2263 1054 2319 negaverim.
1115 2263 1168 2307 In
1217 2261 1428 2305 vocabulo
1476 2275 1513 2304 e.
1552 2274 1594 2316 g.
1626 2260 1702 2302 tri-

294 2328 506 2391 furcifer,'
534 2338 699 2376 totum
739 2333 980 2376 membrum
1023 2334 1238 2390 posterius
1280 2332 1482 2375 ‘furcifer'
1530 2332 1701 2374 nomine

291 2547 396 2581 brum
420 2557 486 2581 seu
511 2547 632 2591 potius
664 2547 786 2581 thema
809 2547 846 2580 in
871 2547 1030 2581 vocalem
1058 2547 1087 2581 O
1114 2546 1211 2580 exire
1235 2545 1407 2591 debebat,
1437 2542 1622 2579 terminale
1649 2544 1703 2578 ‘O'

289 2604 327 2639 in
364 2606 404 2639 ‘I’
441 2605 655 2640 attenuavit.
704 2604 935 2649 belli-potens
972 2615 1037 2649 pro
1074 2605 1333 2650 bello-potens3
1370 2603 1600 2648 vini-pollens
1636 2614 1702 2649 pro

289 2664 541 2711 vino-pollens,
567 2665 648 2700 alia.
