1996 3071
1027 162 1095 218 20

338 278 590 324 Lueretius:
631 280 796 339 ‘penui-
798 257 969 340 potens'
1005 284 1046 328 V
1086 286 1181 341 789,
1221 285 1270 330 II
1297 288 1411 344 8738
1445 288 1586 331 armi·
1569 285 1756 346 -potens'
1816 267 1818 269 ι

340 352 456 409 quod
484 353 508 395 I
540 354 596 395 33
628 354 804 411 legitur,
835 359 1063 398 mutuatus
1096 360 1175 399 est,
1218 405 1220 407 ‚

340 422 500 467 Lucilii
532 427 617 468 est:
652 425 838 468 ‘cortini·
822 427 1008 483 ·'potens
1043 428 1128 470 245
1161 427 1379 486 (Apollo);

396 494 580 538 Nullum
626 472 695 539 est
739 496 869 540 huius
917 499 1091 553 generis
1146 498 1458 544 adieetivorum
1509 501 1757 560 exemplum

340 566 458 624 apud
478 566 784 622 Terentium.¹)
821 567 883 611 At
914 569 1000 611 iam
1030 568 1195 626 videaS,
1228 572 1388 615 aureae
1420 573 1758 630 aetatispoetas
1841 577 1844 580 ⁴

338 652 364 680 a.
415 637 575 681 talibus
626 639 874 695 compositis
926 640 1133 683 novandis
1186 642 1360 686 omnino
1413 643 1701 687 abhorruisse.
1724 642 1758 699 2)

340 708 465 751 Unus
497 708 722 765 Vergilius
745 711 922 753 novavit
943 711 1224 768 ‘igni-potens
1248 712 1333 766 ’(of.
1356 713 1565 756 Seitzium
1586 728 1627 770 p.
1665 715 1757 770 18);

340 793 494 822 verum
527 779 741 845 Catullus,
775 776 988 836 Tibullus,
1022 782 1290 838 PropertiuS,
1325 788 1456 840 atque
1480 785 1553 841 qui
1584 788 1773 841 praeter.

341 847 550 892 Plautum
589 850 900 894 vocabulorum
940 851 1236 895 novandorum
1276 854 1467 910 palmam
1507 854 1605 910 fert,
1653 854 1756 898 Ovi-

340 921 438 964 dius
470 935 497 964 a
528 921 691 966 talibus
723 915 973 981 compositis
1005 923 1214 967 novandis
1246 937 1342 968 sese
1375 917 1692 969 abstinuerunt.

399 992 555 1050 Neque
587 1007 665 1036 suo
698 993 792 1037 iure
824 993 877 1037 de
909 994 1027 1037 voois
1061 994 1241 1051 ‘potens'
1274 995 1420 1039 indole
1458 995 1636 1039 dubium
1667 1009 1756 1039 mo-

341 1065 457 1106 visse
504 1065 750 1120 putaverim
795 1065 1124 1121 Schroederum,
1172 1067 1245 1122 qui
1292 1067 1338 1108 in
1370 1067 1398 1109 l.
1431 1081 1466 1109 c.
1504 1081 1546 1123 p.
1581 1068 1666 1109 330
1703 1066 1756 1108 de

340 1134 566 1178 adieetivis
607 1135 869 1192 compositis,
923 1149 1106 1191 quorum
1145 1136 1363 1191 posterius
1397 1136 1642 1179 membrum
1682 1150 1756 1178 vo-

340 1205 493 1248 cabulo
528 1205 708 1262 ‘potens'
741 1209 899 1262 exstat,
934 1198 1164 1262 disserens,
1198 1205 1322 1248 dicit:
1386 1206 1519 1260 „Man
1559 1207 1756 1262 beaohte,

342 1277 440 1320 dass
472 1291 558 1319 von
590 1277 675 1319 den
708 1278 772 1319 als
805 1277 947 1319 sicher
978 1277 1155 1319 hierher
1174 1277 1468 1335 gereohneten
1499 1278 1757 1335 Compositis

344 1344 394 1391 17
427 1348 508 1391 auf
533 1352 688 1406 potens
730 1347 931 1405 endigen,
969 1347 1041 1391 bei
1083 1347 1226 1391 denen
1267 1361 1312 1390 es
1355 1347 1620 1391 zweifelhaft
1659 1348 1751 1391 sein

340 1419 472 1475 kann,
505 1419 560 1462 ob
592 1421 655 1462 sie
687 1419 807 1462 nieht
838 1419 1072 1462 besser.zu
1103 1420 1187 1462 den
1211 1419 1489 1476 Compositen
1519 1433 1604 1462 von
1635 1434 1664 1460 x
1695 1422 1749 1474 -ί-

340 1491 627 1548 Partioipium
658 1504 711 1534 zu
742 1490 933 1534 reohnen
964 1490 1083 1546 sind;
1122 1490 1393 1534 entscheidet
1423 1504 1523 1534 man
1562 1490 1652 1534 sich
1683 1490 1752 1533 fiir

340 1562 581 1617 Letzteres,
614 1576 661 1604 so
693 1561 870 1604 bleiben
902 1576 983 1604 nur
1004 1562 1172 1618 wenige
1205 1561 1471 1604 vereinzelte
1503 1561 1751 1617 Bildungen

340 1633 592 1676 hiernach.“
652 1634 721 1675 De
752 1633 832 1675 hae
865 1634 1118 1688 quaestione
1150 1634 1255 1675 satis
1287 1632 1451 1675 difficili
1482 1633 1616 1675 Besta
1647 1646 1751 1675 sane

339 1704 385 1747 in
415 1703 602 1747 Dissert.
634 1703 883 1760 inaugurali
916 1702 999 1758 „de
1030 1702 1262 1746 verborum
1284 1702 1596 1760 compositione
1629 1702 1751 1760 plau-

340 1777 461 1818 tina“
494 1775 750 1818 Vratis—lav.
787 1776 898 1817 1876
932 1776 1105 1817 omnino
1136 1789 1223 1817 non
1254 1773 1440 1833 dubitat.
1494 1774 1586 1832 ‚Qui
1616 1788 1658 1830 p.
1696 1776 1750 1816 29

341 1846 454 1890 hune
486 1846 530 1889 in
561 1844 736 1890 modum
770 1844 980 1903 disputat:
1019 1843 1269 1901 „Nonnulla
1301 1844 1416 1903 apud
1446 1844 1652 1888 Plautum
1683 1858 1750 1888 oc-

340 1922 520 1961 ourrunt
550 1918 766 1962 adieetiva
808 1918 1059 1974 composita,
1099 1931 1280 1974 quorum
1319 1916 1562 1960 membrum
1601 1930 1751 1960 seeun-

339 1989 510 2032 darium
550 1989 775 2046 participio
819 1988 998 2045 ‘potens'
1040 1976 1329 2031 continetur.“
1405 1988 1560 2045 Neque
1607 1991 1751 2031 tamen

340 2064 430 2104 tam
446 2059 681 2103 confidenti
698 2059 869 2102 dicendi
885 2072 1047 2115 genere
1066 2057 1263 2116 quaestio
1281 2059 1409 2115 plane
1427 2058 1660 2114 dirimitur3
1676 2072 1750 2101 vo·

340 2145 433 2175 cem
452 2130 635 2188 ‘potens'
653 2131 853 2187 primitus
869 2130 1145 2188 participium
1165 2142 1403 2174 esse-nemo
1420 2129 1579 2185 nescit3
1600 2143 1751 2173 verum

340 2201 557 2245 cotidiano
604 2216 686 2245 usu
733 2206 864 2259 atque
911 2201 1226 2245 consuetudine
1273 2201 1389 2257 trita,
1438 2201 1517 2254 ita,
1542 2200 1750 2256 paulatim

340 2272 530 2316 indolem
571 2273 888 2329 partieipialem
920 2286 998 2316 seu
1018 2271 1252 2316 'verbalem
1293 2272 1430 2327 exuit,
1462 2276 1511 2312 ut
1548 2270 1749 2314 adieetivi

340 2344 481 2386 solum
511 2342 679 2387 vicibus
700 2340 970 2400 'fungeretur
1001 2348 1131 2401 atque
1164 2358 1189 2386 a
1231 2341 1541 2403 posterioribus
1573 2342 1749 2398 scripto·

412 2560 446 2601 1)
496 2557 833 2592 of.‘ur11'annia'C.
859 2552 888 2591 Ῑ.
914 2558 942 2591 Ι.
960 2568 994 2600 p.
1024 2553 1112 2591 1254
1138 2556 1264 2600 qnod
1252 2554 1465 2592 vocabulum
1491 2564 1513 2586 e
1539 2553 1641 2588 ‘urna
1665 2549 1749 2588 alie
1802 2595 1815 2605 ἱ
1893 2570 1905 2581 e

339 2616 416 2649 nea'
443 2608 553 2660 vulgo
578 2614 736 2649 ereditur
760 2607 951 2649 coaluisse

409 2676 446 2719 2)
496 2675 541 2709 cf.
567 2671 688 2710 Seitzii
712 2674 798 2710 diss.
824 2685 853 2709 e.
879 2685 914 2718 p
941 2671 1079 2719 14,15‚
1105 2675 1161 2719 22,
1189 2675 1231 2708 13
1255 2673 1302 2708 al
