1996 3071
981 157 1042 202 43

301 279 446 337 verint
473 291 530 321 au
549 274 875 331 augustioribus
893 272 1052 318 finibus
1077 273 1371 330 coercuerint‚'
1393 288 1593 331 quaeque
1619 275 1707 317 sint

301 349 562 407 praecipuae
595 346 886 390 diversitates.
937 345 1092 404 Neque
1124 345 1427 401 dubitaverim,
1460 345 1565 402 quin
1594 359 1710 388 com-

300 422 538 477 positorum
563 417 872 461 vocabulorum
898 421 1153 460 novatorum
1184 417 1323 473 eopia,
1355 430 1485 475 quam
1522 416 1709 460 Seitzius

300 491 345 534 in
375 491 408 535 1.
434 505 472 534 e.
504 488 687 546 singulis
717 489 859 547 poetis
899 487 1149 546 vindicavit,
1187 489 1271 532 ista
1289 489 1544 547 quaestione
1586 489 1710 532 insti-

299 566 394 604 tuta
425 562 573 617 aliqua
603 573 661 603 ex
692 564 817 616 parte
849 559 1130 603 diminuatur.

386 633 441 676 Id
456 645 560 675 vero
591 630 697 673 mihi
727 630 900 673 videtur
930 630 1166 673 tenendum
1198 644 1307 686 esse,
1340 631 1385 673 in
1414 631 1708 687 prosariorum

298 704 470 762 seriptis
503 704 685 746 istorum
715 706 991 765 temporum,
1016 701 1120 744 lieet
1170 701 1427 744 alterutrum
1458 700 1707 759 exemplum
1763 696 1766 702 ’

296 776 629 833 compositorum
649 771 778 816 huius
798 773 973 829 generis
996 778 1205 829 occurrat,
1227 775 1413 816 eandem
1433 786 1584 822 eorum
1606 786 1702 815 esse

297 845 521 900 rationem,
553 858 639 901 qua
666 843 872 886 Plautum
893 844 1200 900 Lueiliumque
1230 858 1283 887 ea
1305 844 1554 887 adhibuisse
1570 858 1707 901 supra

295 916 638 963 commemoravi.

357 998 492 1042 *Neque
517 998 561 1032 de
585 998 701 1031 forma
723 997 989 1040 compositionis
1014 997 1272 1031 adieetivorum
1289 997 1397 1032 huius
1423 998 1564 1042 generis
1581 999 1706 1032 haeret

294 1057 478 1102 iudicium,
503 1058 653 1103 apparet
677 1055 771 1091 enim
795 1066 841 1090 ex
866 1055 922 1100 iis,
949 1066 1041 1100 quae
1070 1056 1138 1090 sub
1161 1054 1268 1090 finem
1293 1056 1312 1100 ξ
1341 1058 1357 1090 1
1385 1056 1453 1091 sub
1481 1056 1552 1092 litt.
1576 1056 1606 1090 B
1631 1067 1707 1090 mo·

294 1117 369 1161 uui,
394 1116 601 1161 compositis
627 1115 840 1159 possessivis
867 1114 1088 1158 (bahuvrihi)
1119 1115 1208 1149 baec
1232 1110 1412 1150 adieetiva'
1441 1126 1521 1150 esse
1545 1116 1705 1151 tribuen-

294 1175 349 1210 da.

367 1247 568 1291 Exstant
598 1260 701 1306 vero
733 1246 936 1302 exempla
966 1246 1147 1288 haecce:
1557 1265 1563 1268 -

293 1317 555 1361 stricti-villa
569 1317 714 1362 Plaut.
728 1316 813 1373 frg.
827 1315 969 1360 Nerv.·
1080 1316 1236 1359 Bacch.
1271 1317 1355 1359 658
1387 1317 1565 1372 (homo).

351 1403 420 1444 op.
453 1388 568 1431 Gen.
601 1388 641 1431 3.
674 1389 714 1429 3.
748 1390 788 1429 6.
1028 1387 1293 1443 vorsi-pellis
1349 1388 1536 1444 denique
1589 1389 1701 1445 apud

291 1458 609 1517 vorsi-eapillus
641 1458 714 1501 Pr.
747 1459 846 1501 230.
1084 1457 1301 1501 Lucilium
1333 1459 1378 1501 in
1409 1472 1449 1501 v.
1484 1460 1582 1502 530,

294 1529 556 1586 vorsi-pellis
577 1527 736 1585 Amph.
768 1543 833 1584 pr.
866 1530 963 1570 123.

378 1601 446 1643 De
492 1599 715 1643 vocabulis
765 1598 1111 1656 ‘versi-capillus'
1167 1598 1459 1656 ‘vorsi-pellis'
1493 1600 1547 1643 cf,
1588 1614 1699 1657 quae

292 1670 346 1712 ad
377 1670 415 1713 B
447 1670 470 1725 ξ
506 1673 524 1712 1
559 1669 736 1713 monui‘.

578 1800 600 1846 g
625 1800 661 1839 2.
708 1801 805 1837 Duae
829 1800 963 1844 stirpes
988 1800 1154 1837 ναι-δοιοὶ»,
1185 1800 1408 1837 coalescunt.

376 1885 484 1927 Eius
530 1886 703 1940 generis
734 1885 1078 1941 compositorum,
1110 1885 1155 1926 in
1187 1899 1271 1940 quo
1303 1885 1422 1940 prius
1457 1885 1698 1928 membrum

288 1954 514 1999 verbalem
546 1957 725 2012 stirpem
750 1956 801 2000 ‚in
824 1951 1064 2013 posteriore
1085 1954 1346 1999 adieetivum
1368 1956 1572 2013 excipiat,
1601 1971 1698 1999 cum

291 2025 543 2084 exemplum
575 2031 719 2070 exstet
755 2026 936 2082 nullum,
974 2039 1116 2083 neque
1154 2031 1328 2069 exstare
1365 2028 1513 2084 possit,
1553 2027 1605 2070 de
1643 2029 1696 2070 iis
1764 2032 1766 2034 '

287 2098 535 2153 compositis
567 2098 654 2140 iam
686 2097 899 2149 disserere
931 2097 1046 2153 licet,
1085 2098 1129 2139 in
1161 2097 1317 2155 quibus
1350 2097 1406 2139 ad
1426 2103 1583 2141 nomen
1620 2099 1695 2141 ad-

287 2167 492 2209 ieetivum
531 2167 783 2223 fingendum
839 2167 951 2210 duae
1001 2168 1159 2225 stirpes
1190 2169 1390 2233 verbales
1433 2169 1693 2212 coalescunt.

287 2237 454 2280 Verum
485 2252 622 2295 aeque
655 2253 705 2281 ae
736 2239 829 2282 Jac.
862 2239 1096 2282 Grimmius
1127 2241 1173 2282 in
1203 2241 1484 2296 grammatica
1516 2240 1693 2296 linguae

286 2308 533 2353 theodiseae
569 2310 662 2353 loco
694 2314 1026 2353 commemorato
1058 2310 1129 2366 (cf.
1162 2324 1255 2368 cap.
1285 2311 1327 2366 I)
1357 2311 1485 2354 huius
1516 2313 1692 2368 generis

286 2382 521 2438 composita
555 2396 580 2424 a
616 2385 789 2425 nostrae
830 2381 1006 2438 linguae
1052 2382 1195 2425 indole
1226 2383 1404 2425 'onnino
1457 2383 1691 2426 abhorrere

285 2454 601 2509 pronuntiavit,
633 2453 868 2509 Langenus
908 2455 954 2496 in
984 2453 1116 2496 libro:
1179 2455 1385 2510 Beitriige
1428 2469 1505 2497 zur
1541 2454 1691 2498 Kritik

283 2521 373 2564 und
402 2521 656 2580 Erkliirung
687 2525 763 2567 des
793 2524 989 2567 Plautus’
1020 2525 1199 2582 Lipziae
1235 2526 1347 2568 1880
1378 2540 1418 2582 p.
1463 2528 1557 2582 167,
1595 2528 1689 2581 168,

285 2606 310 2634 a
331 2592 477 2635 Plauti
500 2599 593 2637 arte
623 2595 908 2656 componendi
929 2596 1139 2639 vocabula
1171 2597 1407 2653 composita
1423 2598 1551 2643 huius
1573 2597 1687 2641 modi
