1996 3071
902 168 1043 232 ‘12

242 330 244 335 ⁴
301 312 457 369 posita,
489 324 672 368 quorum
712 323 811 367 pars
851 308 969 366 prior
1006 305 1270 349 adieetivum
1307 307 1571 361 continetur3
1613 318 1717 362 quo-

302 378 408 426 rum*
435 382 598 440 triplex
638 385 706 425 eet
740 394 893 437 genus,
934 381 1064 436 prout
1102 376 1346 421 membrum
1386 376 1602 435 posterius
1643 379 1719 421 aut

303 453 626 504 substantivum
656 456 733 495 aut
762 450 1025 494 adieetivum
1056 453 1134 493 aut
1163 448 1344 493 verbum
1376 451 1533 494 exstat.

391 525 454 569 11.
485 525 540 568 In
570 524 714 582 priore
745 526 876 581 parte

782 604 1103 651 substantivum

376 668 639 711 adieetivum
780 665 1044 709 adiectivum
1124 700 1126 703 .

375 725 666 782 (adverbium)
726 694 749 784 l
780 725 960 769 verbum

392 810 462 853 De
493 810 611 853 hisee
644 808 871 852 adieetivis
904 821 1091 866 compos.
1117 807 1248 851 adeas
1280 821 1373 865 cap.
1407 808 1454 851 II
1486 808 1568 852 litt.
1600 808 1638 851 B
1670 807 1720 863 ἓξ

308 884 326 924 1
380 883 405 924 2
453 883 494 923 3.

334 916 346 938 ’
394 915 542 992 'i'ertio
574 948 715 992 ordini
747 963 773 991 a
815 948 1025 992 Grimmio
1064 962 1117 996 ea
1157 948 1430 991 subiciuntur
1470 951 1720 1006 composita,

307 1034 490 1079 quorum
529 1034 629 1078 pars
669 1020 787 1078 prior
826 1019 1007 1062 verbum
1046 1019 1241 1077 praebet,
1282 1020 1431 1078 itaque
1469 1019 1553 1063 vol.
1585 1020 1646 1063 II.
1677 1034 1719 1078 p.

309 1094 394 1135 680
424 1107 481 1135 ss.
514 1095 755 1137 tractantur
786 1105 838 1134 ea
875 1091 1123 1148 composita,
1163 1092 1207 1133 in
1239 1090 1395 1148 quibus
1434 1091 1615 1135 verbum
1646 1106 1721 1134 an·-

306 1162 512 1206 teoedens
553 1162 872 1206 substantivum
912 1163 957 1205 in
997 1161 1189 1206 membro
1230 1163 1470 1220 posteriore
1511 1163 1720 1220 sequitur,

247 1272 266 1284 ,.
305 1234 392 1276 vol.
430 1234 479 1276 II
508 1248 551 1291 p.
586 1232 759 1286 6833ss.
798 1238 1039 1291 sequuntur
1070 1248 1136 1289 ea,
1169 1248 1281 1291 quae
1311 1235 1456 1290 priore
1494 1235 1587 1277 loeo
1625 1248 1721 1277 ver-

304 1304 424 1364 bum,
461 1304 701 1362 posteriore
733 1303 996 1348 adieetivum
1026 1304 1252 1363 praebent,
1286 1304 1467 1348 verbum
1498 1318 1595 1348 eum
1626 1318 1720 1349 ver·
1744 1296 1747 1299 ⁴

307 1375 362 1417 bo
394 1375 685 1430 conglutinari
716 1388 843 1431 posse
876 1375 921 1417 in
942 1375 1061 1431 linga
1092 1375 1312 1419 theodisca
1344 1375 1399 1418 ad
1429 1389 1586 1418 nomen
1609 1389 1721 1418 eom·

306 1445 497 1503 positum
526 1444 779 1502 fingendum
809 1449 955 1502 negat.

274 1525 276 1527 ·
396 1516 483 1560 ΙΙΙ.
514 1516 568 1560 In
598 1517 743 1574 priore
773 1521 899 1574 parte

1177 629 1222 679 ih
1252 635 1492 693 posteriore
1522 639 1648 693 parte

1323 694 1498 754 exeipit.

574 1599 895 1644 substantivum

306 1658 488 1702 verbum
518 1598 545 1777 ξ
573 1658 837 1710 adieetivum
949 1660 994 1702 in
1024 1662 1263 1716 posteriore
1295 1666 1419 1718 parte
1440 1663 1661 1718 sequitur.

572 1717 786 1775 [verbum]
1182 1770 1185 1773 ,

395 1800 628 1845 Adiectiva
659 1802 897 1860 composita
934 1802 1062 1845 huius
1093 1803 1267 1859 generis
1305 1802 1386 1846 sub
1418 1803 1502 1846 litt.
1536 1802 1570 1846 O
1601 1803 1650 1858 ξς
1686 1805 1722 1859 1,

307 1875 347 1929 2,
380 1874 407 1915 3
440 1886 638 1930 quaeras.
1543 1930 1545 1932 ι

394 1942 461 1986 Ea
492 1943 742 2000 composita,
776 1957 958 2001 quorum
989 1957 1090 2001 pars
1110 1931 1521 2001 prior-§particulam
1542 1946 1724 2002 praebet

307 2013 545 2057 Grimmius
565 2014 840 2071 paragrapho
863 2019 1018 2072 quarta
1047 2015 1133 2057 vol.
1156 2015 1204 2057 II
1232 2006 1335 2058 'inde
1367 2029 1393 2057 a
1423 2030 1466 2072 p.
1490 2017 1721 2059 697—923

306 2088 484 2141 tractat3
526 2098 665 2142 aeque
697 2086 830 2128 etiam
862 2099 913 2129 ae
943 2099 1153 2142 generum
1184 2086 1456 2144 superiorum
1486 2086 1615 2130 huius
1646 2101 1721 2144 ge-

306 2157 423 2200 neris
454 2157 618 2214 triplex
656 2162 723 2200 est
752 2158 877 2213 ratio,
919 2162 1049 2214 prout
1086 2158 1303 2215 posterius
1340 2157 1582 2200 membrum
1620 2159 1721 2201 sub·

307 2229 544 2271 stantivum
574 2228 647 2272 vel
678 2227 940 2272 adieetivum
971 2229 1042 2272 vel
1073 2229 1253 2273 verbum
1283 2228 1478 2287 praebet.

394 2299 475 2342 IV.
537 2300 591 2343 In
622 2300 766 2357 priore
796 2299 990 2342 membro

644 2381 964 2426 substantivum

306 2443 564 2500 particulam
589 2383 613 2560 ξ
643 2441 905 2484 adieetivum
1019 2443 1062 2484 in
1094 2442 1334 2499 posteriore
1366 2445 1490 2497 parte
1522 2441 1697 2498 exeipit.

642 2499 825 2544 verbum
938 2558 940 2560 V

395 2585 604 2629 Conferas
644 2585 699 2628 de
739 2586 858 2629 hisce
899 2584 1052 2628 adieet.
1098 2598 1237 2643 eomp.
1275 2597 1368 2642 cap.
1401 2584 1448 2628 II
1479 2583 1562 2628 litt.
1599 2585 1641 2628 D
1671 2585 1721 2641 ἐξ

309 2660 348 2716 1,
379 2659 420 2715 2,
453 2658 492 2702 3.
