1996 3071
883 168 891 198 ι
999 158 1058 202 42

316 276 396 321 fer’
433 273 626 332 itemque
655 259 940 331 'singulorum
981 274 1251 332 quorundam
1300 274 1358 317 ut'
1391 275 1731 332 ‘cmm'eparensss

248 357 261 367 ·
317 346 446 390 ‘omni
451 346 612 390 -tuens‘
659 346 849 404 priorem
893 348 1063 403 partem
1107 359 1186 402 pro
1225 343 1459 388 adiectivo
1482 344 1733 390 sumendam

317 432 414 461 esse
457 422 653 484 apparet.
713 416 894 473 Neque
910 415 1025 459 idem
1063 415 1119 459 de
1150 416 1363 459 adiectivo
1412 417 1544 461 ‘omni
1543 416 1733 474 -parens’

283 539 290 544 ,
317 489 518 546 sentiam,
552 487 668 546 quod
699 486 753 531 de
785 485 1032 531 Catulliano
1067 485 1199 531 ‘falei-
1182 487 1393 544 -parens'3
1423 482 1552 531 liuius
1581 501 1734 532 sensus

317 574 415 603 cum
463 560 521 602 sit
552 583 606 590 -
641 559 771 601 einen
812 557 1084 600 erdichteten
1124 557 1262 600 Vater
1306 557 1480 601 habend
1512 582 1565 589 —
1600 559 1737 601 altera

315 643 419 689 pars
449 643 528 687 pro
577 629 850 672 substantivo
870 645 873 650 ·
890 627 1102 691 sumenda
1135 632 1223 670 est.>
1276 628 1328 670 In
1376 628 1592 671 adiectivo
1623 627 1734 672 vvero

318 698 657 758 ‘omni-parens'‚
701 699 818 757 quod
858 699 1027 742 duobus
1075 699 1180 742 locis
1220 698 1336 756 apud
1382 699 1635 757 Lucretium
1665 714 1733 742 oc·

317 773 464 828 currit,
496 775 618 815 actu's
657 769 856 827 pariendi
897 771 1032 830 (notio
1057 769 1277 825 verbalis)
1308 774 1463 814 cuncta
1508 774 1734 827 tantopere

316 843 558 900 praevalet,
599 845 661 897 ut,
710 855 840 898 quam
880 842 977 897 quis
1010 835 1218 884 adhibere
1249 841 1386 896 malit,
1427 841 1568 883 versio
1611 840 1735 894 „-All
1754 854 1757 860 ’

316 928 360 956 m
370 916 426 956 ut
435 917 454 956 t
462 927 485 956 e
496 913 547 955 r“
579 911 809 955 refutetur.

318 1034 369 1077 Ο.
413 1032 563 1087 Animi·
597 1030 651 1075 de
683 1029 911 1080 adiectivie,
944 1041 1115 1085 quorum
1147 1042 1246 1085 part
1277 1032 1389 1087 prior
1432 1032 1564 1087 stirpe
1584 1029 1736 1074 verbali

509 1103 715 1156 poetes-ior
744 1100 1002 1145 subeuntium
1034 1102 1097 1143 vel
1128 1101 1261 1144 vei-bo
1292 1103 1540 1144 continetur.

529 1183 548 1227 ξ
577 1185 608 1217 1.
659 1181 778 1228 sun-pe
800 1183 958 1220 verbalis
982 1190 1061 1220 cum
1085 1182 1311 1246 substantivi)
1336 1180 1522 1222 coalescit.

407 1269 592 1311 Perrara
639 1267 768 1309 huius
816 1267 992 1323 generis
1038 1266 1347 1331 vocabulorum
1401 1268 1733 1324 compositorum

317 1344 419 1382 sunt
460 1338 664 1395 exempla
704 1352 808 1395 prae
857 1337 969 1393 aliis,
1017 1337 1256 1395 eademque
1295 1335 1389 1382 'non
1444 1353 1521 1395 pro
1561 1339 1736 1395 propria

316 1410 496 1464 linguae
539 1408 703 1451 latinae
735 1408 887 1452 indole
912 1407 1098 1450 formata
1128 1413 1259 1466 atque
1290 1413 1510 1467 percepta,
1548 1410 1624 1453 sed
1658 1423 1737 1467 per

316 1479 605 1522 festivitatem
651 1477 868 1535 quandam
915 1478 1148 1544 aliquaque
1194 1479 1364 1522 iocandi
1399 1479 1735 1536 ludificandique

316 1550 486 1593 ratione
518 1549 633 1606 ficta,
665 1552 795 1607 prout
825 1553 1053 1607 poetarum
1080 1549 1266 1593 facetiae
1289 1550 1560 1594 ebulliebant
1580 1564 1735 1607 resque
1776 1564 1784 1569 ¹
1831 1551 1834 1554 ’

313 1622 506 1678 privatas
537 1620 829 1676 publicaeque
859 1620 1109 1676 pectebant.
1173 1621 1300 1670 Quod
1323 1623 1385 1664 ita
1416 1635 1512 1664 esse
1543 1622 1648 1663 satis
1681 1635 1736 1663 ex

315 1706 368 1735 eo
399 1704 613 1749 apparere
645 1690 835 1748 videtur,
868 1690 985 1749 quod
1016 1690 1104 1744 tria,
1132 1692 1347 1750 exempla,
1380 1706 1492 1750 quae
1524 1692 1607 1752 huc
1639 1705 1736 1748 per-

315 1764 470 1818 tinent,
509 1763 555 1804 in
585 1763 734 1805 Plauti
774 1762 937 1805 fabulis
979 1763 1196 1818 leguntur,
1237 1778 1371 1819 unurn
1412 1769 1641 1820 praeterea
1680 1777 1735 1805 ex

315 1835 370 1877 iis
408 1834 455 1876 in
486 1832 648 1877 Lucilii
680 1832 840 1876 saturis
871 1834 1070 1877 occurrit.
1132 1834 1313 1877 Nullum
1340 1847 1456 1890 vero,
1491 1833 1603 1890 quod
1635 1834 1734 1889 scio,

317 1903 582 1960 exemplum,
635 1903 681 1945 in
728 1902 924 1946 Terentii
983 1904 1264 1961 Lucretiique
1311 1904 1537 1962 versibus„
1576 1905 1735 1961 quippe

319 1989 505 2032 quorum
537 1974 675 2016 oratio
708 1977 887 2016 strenua
908 1974 1057 2030 aliqua
1078 1981 1209 2031 atque
1246 1976 1469 2018 moderata
1505 1976 1736 2017 severitate

317 2045 376 2088 sit
428 2043 676 2102 conspicua,
729 2043 904 2100 legitur.
988 2045 1169 2088 Nullum
1221 2060 1392 2102 quoque
1444 2046 1572 2088 huius
1624 2060 1736 2104 com-

317 2115 548 2172 positionis
581 2115 833 2170 exemplum
877 2117 1165 2172 posteriorum
1202 2106 1393 2159 aetatum
1426 2121 1581 2173 poetae
1612 2131 1736 2173 prae-

318 2187 438 2242 bent,
485 2185 540 2229 d'e
575 2181 735 2242 quibus'
765 2185 917 2229 Seitzii
949 2187 1047 2230 libr.
1080 2201 1231 2230 comm.
1263 2188 1383 2230 adire
1415 2187 1530 2230 licet.
1582 2185 1736 2244 >Scrip-

320 2263 475 2313 torum‚
518 2258 591 2314 qui
624 2257 767 2299 soluta
801 2257 952 2314 lingua
990 2262 1172 2300 utuntur
1210 2258 1356 2313 libros,
1397 2264 1445 2300 ut
1478 2259 1654 2301 Catonis
1685 2259 1737 2300 li-

320 2329 446 2372 brum
464 2327 530 2371 ‘de
554 2342 602 2371 re
621 2328 796 2371 sustica'
830 2332 874 2370 et
899 2329 1342 2387 historiographorum
1364 2330 1606 2387 priscorum
1624 2330 1737 2386 frag-

320 2405 481 2456 menta,
536 2400 743 2443 adhibere
795 2400 924 2444 huius
976 2401 1120 2460 operis
1162 2402 1349 2452 ambitus
1397 2415 1482 2443 non
1526 2401 1734 2456 permisit.

323 2472 437 2514 Sane
471 2462 645 2527 quid‘em
677 2470 795 2513 haud
826 2472 1044 2528 ingratum
1066 2472 1178 2515 foret
1208 2487 1377 2528 munus,
1411 2472 1446 2514 si
1480 2472 1574 2527 quis
1606 2472 1649 2514 id
1681 2473 1737 2514 si-

322 2543 367 2584 bi
392 2541 746 2598 investigandum
768 2547 971 2599 sumeret,
995 2544 1140 2585 utrum
1163 2544 1393 2605 scriptores
1415 2543 1595 2599 proserii
1617 2543 1736 2599 leges
1808 2555 1812 2559 ·

310 2611 632 2677 *vocabulorum
678 2614 1071 2671 componendorum
1104 2628 1129 2656 a
1175 2615 1314 2672 poetis
1362 2614 1549 2657 sancitas
1589 2627 1733 2658 serva-
1761 2663 1763 2666 Α

1855 306 1862 330 ι
1947 297 1958 306 .
