1996 3071
924 217 980 260 29

161 345 174 356 ²
247 334 368 390 mari,
400 338 540 394 neque
562 334 795 392 separatim
817 348 870 377 ea
906 335 1017 390 legi3
1040 347 1173 391 quare
1195 332 1312 376 haud
1332 336 1496 376 temere
1520 323 1651 389 atque

237 405 488 468 ,inconsulte
518 419 588 448 me
620 405 772 448 fecisse
813 405 1070 462 putaverim,
1118 404 1232 461 quod
1271 404 1415 446 omnia
1440 402 1654 445 adiectiva

248 475 485 533 composita
518 476 647 519 huius
679 476 852 532 generis
883 476 929 519 in
959 476 1074 519 hunc
1105 475 1316 518 ambitum
1348 473 1505 529 collegi
1531 472 1575 528 ¹).
1605 471 1608 473 ’

333 546 481 607 Aliam
522 551 668 589 tamen
709 548 922 589 rationem
954 547 1182 602 compositi
1214 543 1526 600 ‘multi-genus'
1558 557 1653 585 esse

247 617 288 659 h.
319 616 350 661 1.
381 618 468 661 iam
499 616 639 661 obiter
669 631 890 674 moneam3
923 617 975 661 de
1008 631 1092 675 quo
1124 616 1177 660 cf.
1210 611 1321 674 quae
1353 630 1446 674 cap.
1479 614 1527 658 II
1559 613 1653 657 sub.

247 685 329 731 litt.
361 689 399 731 B
432 691 457 742 ξ
491 691 509 730 1
546 688 766 744 leguntur.
825 689 894 731 De
925 676 1024 731 utra
1045 689 1261 731 sententia
1282 687 1477 745 Boppius
1508 686 1554 728 in
1574 686 1654 728 hac

249 759 508 815 quaestione
549 762 635 802 stet
671 759 716 801 in
747 758 871 802 libro.
933 759 1035 815 Vgl.
1083 758 1272 801 Gramm.
1319 771 1370 800 eo
1417 757 1523 812 loco,
1571 770 1654 814 quo

246 830 458 872 vocabula
503 830 633 872 huius
679 830 794 872 modi
839 835 996 873 tractat
1043 855 1096 860 -
1144 831 1314 886 (quarto
1346 828 1485 870 ordini
1516 828 1571 870 ab
1603 841 1654 869 eo

246 895 385 956 posito
418 903 521 942 sunt
551 900 870 956 Subiungenda)
909 915 994 943 non
1032 900 1246 955 dec‘larat3
1284 912 1425 956 neque
1454 911 1568 955 quae
1600 897 1653 940 de

246 970 459 1013 adiectivo
484 971 641 1012 ‘multi-
625 971 794 1026 -'genus
816 986 858 1027 p.
878 973 961 1014 457
984 971 1170 1026 disserit,
1204 970 1258 1011 ad
1279 971 1372 1012 eius
1394 969 1654 1011 sententiam

247 1036 535 1091 definiendam
565 1041 797 1096 pertinent.

335 1110 406 1152 Ad
437 1111 567 1153 aliam
600 1112 899 1168 quaestionem
944 1113 1030 1154 iam
1062 1110 1380 1167 adgrediamur,
1427 1122 1537 1166 quae
1586 1112 1652 1151 est

246 1182 299 1224 de
331 1182 474 1238 priore
506 1186 630 1238 parte
651 1183 958 1225 vocabulorum
988 1183 1124 1224 horri-
1126 1182 1204 1236 fer,
1244 1181 1482 1235 horrificus,
1515 1179 1651 1221 horri-

245 1252 443 1309 ficabilis,
487 1252 749 1309 horrisonus,
789 1254 1013 1308 terrificus,
1054 1253 1329 1308 terriloquus,
1361 1249 1650 1304 tabificabilis,

245 1324 483 1380 auctificus,
507 1324 577 1367 al..
643 1325 835 1373 Quorum
857 1325 902 1366 in
933 1325 1075 1381 priore
1092 1328 1215 1381 parte
1232 1324 1409 1380 stirpem
1430 1321 1651 1364 verbalem

245 1395 401 1450 inesse,
434 1395 581 1438 multis
612 1396 756 1438 verbis
789 1395 1064 1452 Uhdolphius
1097 1395 1190 1437 inl.
1213 1409 1249 1437 c.
1271 1410 1313 1451 p.
1345 1397 1400 1437 82
1431 1393 1653 1451 praedicat

246 1465 341 1513 Quo
385 1478 483 1506 cum
529 1466 772 1507 consentire
812 1465 984 1508 videtur
1028 1466 1164 1515 Besta
1209 1466 1252 1507 in
1292 1465 1320 1506 l.
1358 1479 1393 1506 c.
1426 1479 1467 1520 p.
1502 1465 1557 1505 30
1596 1477 1650 1504 ss.

245 1533 519 1592 Uhdolphius
551 1550 647 1578 cum
680 1535 732 1578 de
763 1536 1114 1579 vocabulorum‘
1116 1537 1200 1578 ari·
1203 1536 1336 1591 ficus,
1370 1534 1529 1578 ‘caudi-
1531 1534 1637 1576 ficus

244 1604 377 1645 verba
409 1605 596 1659 fecisset,
629 1606 674 1646 in
706 1605 861 1660 quibus
890 1606 1067 1661 stirpem
1089 1605 1309 1647 verbalem
1331 1619 1428 1653 cum
1449 1605 1651 1646 infinitivi

244 1674 469 1717 intellectu
503 1675 757 1717 delitescere
795 1676 1008 1731 opinatur,
1050 1675 1173 1718 dicit:
1237 1675 1508 1729 „Adicienda
1550 1679 1651 1717 sunt

245 1743 467 1801 exempla·
515 1744 761 1787 ‘vomificus'
808 1745 835 1786 i.
880 1758 917 1787 e.
970 1758 1142 1787 vomere
1195 1744 1370 1800 faciens,
1425 1744 1635 1787 ‘tabificus

317 1966 351 2012 1)
376 1967 422 2002 cf.
448 1977 540 2011 quae
565 1967 804 2002 Schroederus
829 1967 865 2001 in
889 1967 912 2001 l.
940 1979 970 2001 c.
997 1971 1031 2011 p.
1058 1969 1127 2002 206
1154 1966 1437 2011 praeclarissime
1462 1967 1505 2002 de
1530 1977 1651 2001 exem-

242 2027 311 2070 plis
337 2026 562 2070 quibusdam,
586 2029 730 2060 nostrae
755 2027 898 2071 linguae
915 2026 1128 2070 desumptis,
1153 2026 1317 2064 disserit:
1347 2027 1541 2071 „Dagegen
1567 2027 1651 2060 ἀϋτ-

243 2085 303 2119 fen
329 2085 393 2118 wir
417 2085 487 2119 alle
504 2085 624 2119 solche
648 2085 861 2130 Composita,
887 2084 997 2119 deren
1021 2085 1166 2120 zweites
1193 2084 1297 2120 Glied
1314 2084 1537 2131 selbstfindig
1553 2086 1653 2120 nicht

243 2144 457 2192 vorkommt‚
492 2145 667 2180 vielmehr
691 2148 765 2180 erst
801 2156 882 2179 zum
919 2145 1070 2179 Zwecke
1093 2145 1156 2179 der
1193 2145 1560 2190 Zusammensetzuug
1589 2156 1651 2190 ge-

243 2201 402 2238 schaffen
427 2202 572 2237 worden
595 2202 654 2247 ist,
685 2202 783 2237 nicht
808 2202 1036 2250 aufnehmcn.
1062 2202 1113 2245 (in
1138 2212 1261 2236 eorum
1294 2202 1368 2237 scil.
1395 2202 1651 2237 vocabulorum

243 2262 519 2307 compositorum
543 2262 727 2305 ambitum,
752 2272 904 2306 quorum
928 2264 1081 2306 utraque
1106 2272 1189 2306 pars
1214 2261 1481 2296 substantivum
1506 2263 1653 2307 exstat).

244 2322 292 2356 Es
318 2321 397 2356 sind
422 2321 496 2356 dies
522 2332 613 2367 ganz
638 2321 887 2366 ebensowenig
904 2320 1111 2366 Composita
1135 2332 1205 2356 von
1230 2333 1254 2354 x
1280 2321 1326 2367 -ξ-
1350 2320 1558 2355 Substantiv
1585 2321 1652 2356 wie

245 2383 339 2416 etwa
362 2380 419 2415 die
444 2380 641 2415 deutschen
673 2380 821 2415 Wfirter
855 2380 1100 2425 Machthaber,
1138 2380 1392 2424 Besenbinder,
1429 2380 1652 2415 Kleiderma-

245 2441 341 2484 cher,
366 2439 440 2480 und
464 2440 655 2489 unziihlige
693 2440 836 2484 andere,
874 2450 945 2473 von
969 2439 1084 2474 denen
1110 2440 1201 2474 doch
1238 2439 1416 2474 Niemand
1448 2440 1652 2484 behaupten

246 2499 346 2543 wird,
370 2499 452 2533 dass
470 2499 523 2533 sie
547 2499 791 2544 selbstiindige
809 2499 1039 2549 Substantive
1057 2501 1151 2533 etwa
1175 2500 1233 2533 ein
1257 2499 1390 2543 Haber,
1407 2499 1551 2543 madet,
1575 2499 1652 2533 Ma-

246 2559 330 2593 cher
353 2557 438 2592 oder
463 2557 535 2602 dgl.
573 2555 622 2591 im
649 2560 681 2592 2.
709 2558 835 2592 Gliede
858 2557 1089 2606 aufweisen.“
1128 2558 1270 2602 (Neque
1307 2558 1458 2593 alicuius
1483 2559 1654 2593 momenti
1674 2585 1681 2589 ,

248 2620 315 2662 est,
341 2617 437 2661 quod
461 2627 657 2662 permagna
681 2617 861 2652 nominum
886 2617 1110 2661 propriorum
1135 2618 1237 2664 copia
1259 2618 1296 2653 in
1321 2617 1446 2664 lingua
1469 2617 1654 2655 theodisca

245 2675 351 2710 huius
376 2674 471 2711 modi
494 2673 637 2723 nomina
656 2675 797 2721 agentis
821 2675 992 2720 praebet).
