1996 3071
944 225 1075 276 13'

351 348 553 407 Denique
573 346 903 406 postremo‘loco
936 351 1170 394 Grimmius
1196 350 1249 393 de
1281 350 1526 398 nominibus
1559 364 1673 394 com·

264 420 415 477 positis
462 422 567 477 agit,
622 435 733 478 quae
784 423 829 464 in
876 423 1019 479 priore
1069 426 1193 479 parte
1241 436 1400 465 nomen
1449 423 1671 466 numerale

185 483 187 486 ⁴
252 491 493 549 ‘exhibent3
535 493 697 551 triplex
729 506 879 536 eorum
905 497 980 536 est
1009 493 1120 536 ratio
1152 507 1228 555 pro
1259 493 1509 554 posterioris
1540 507 1672 539 mem-

263 562 329 605 bri
360 563 519 607 indole.

272 699 284 703 ἥ
351 633 405 678 V.
466 635 520 679 In
550 635 693 694 priore
724 639 849 694 parte

261 749 264 752 -
737 719 1055 763 substantivum
1142 749 1151 758 .
1366 749 1373 759 .

282 791 393 820 nom.
426 780 650 823 numerale
683 718 708 897 {
738 779 998 823 adiectivum
1139 763 1183 791 ¹¹¹
1214 753 1452 818 postem-⁰¹⁸⁶
1484 753 1607 806 parte

737 838 917 882 verbum
1265 813 1473 866 sequitur.

349 918 638 962 Inveniuntur
673 920 801 962 huius
832 919 948 962 modi
978 918 1192 962 adiectiva
1229 919 1466 976 composita
1494 932 1589 975 cap.
1622 918 1669 962 II
1714 970 1717 972 μ

261 989 341 1032 sub
371 989 453 1032 litt.
485 989 523 1033 Ε
555 986 603 1045 ἓξ
638 991 675 1046 1,
708 992 748 1046 2,
782 991 821 1032 3.

345 1059 503 1117 'Neque
535 1074 591 1104 ex
630 1061 758 1104 huius
799 1060 1109 1114 adiectivorum
1150 1061 1496 1117 compositorum·
1524 1059 1667 1103 distri·
1728 1092 1731 1096 Δ

262 1131 454 1174 butionis
485 1132 650 1175 ambitu
681 1132 951 1188 seiungenda
982 1146 1077 1175 esse
1115 1125 1359 1188 putaverim
1390 1132 1564 1174 nomina
1595 1130 1669 1173 ad-

261 1201 418 1251 iectiva
434 1200 737 1259 decomposita,
760 1201 873 1259 quod
905 1201 1079 1259 quidem
1101 1201 1310 1245 Grimmio
1332 1200 1510 1258 placuit,
1533 1214 1669 1259 quan-

209 1316 212 1318 ,
262 1273 315 1314 do
339 1273 511 1328 quidem
532 1273 823 1329 decomposita
851 1274 1001 1330 quinta
1021 1274 1291 1329 paragrapho
1313 1274 1547 1329 separatim
1570 1273 1669 1314 illu—

201 1397 204 1400 ,
262 1342 426 1386 stravit.
486 1342 661 1387 Etenim
691 1343 943 1400 compositio
976 1343 1112 1389 omnis
1144 1343 1193 1386 fit
1223 1343 1298 1399 ita,
1335 1346 1384 1386 ut
1414 1342 1512 1385 duo
1543 1356 1669 1385 voca—

193 1432 199 1437 ·
262 1413 366 1455 bula
396 1413 468 1455 vel
499 1412 805 1456 vocabulorum
843 1414 1001 1470 stirpes
1033 1413 1288 1468 coalescant,
1327 1416 1459 1469 atque
1490 1412 1670 1469 proinde

261 1485 305 1526 in
356 1497 615 1542 unoquoque
668 1484 902 1541 composito
954 1483 1038 1526 duo
1089 1483 1282 1527 membra
1333 1483 1669 1540 conspiciuntur,

262 1554 378 1612 quod
413 1555 528 1599 idem
566 1556 611 1598 in
649 1555 870 1598 vocabulis
909 1555 1211 1612 decompositis
1248 1555 1312 1597 fit.
1371 1554 1559 1597 Nomina
1595 1554 1670 1597 de-

261 1627 496 1692 composita
542 1628 657 1669 enim
699 1641 750 1670 ea
780 1632 893 1684 sunt,
932 1623 1116 1684 'quorum
1145 1627 1386 1670 membrum
1429 1627 1549 1684 prius
1590 1640 1668 1670 seu

260 1697 475 1756 posterius
507 1698 789 1753 compositum
820 1696 1014 1754 praebet,
1052 1697 1113 1739 ita
1144 1701 1193 1739 ut
1224 1698 1269 1738 in
1304 1710 1564 1754 unoquoque
1595 1696 1669 1739 de—

260 1768 494 1825 composito
527 1768 699 1811 nomine
730 1768 828 1825 plus
854 1768 967 1811 duae
999 1768 1155 1825 stirpes
1186 1767 1439 1811 coaluerint.
1502 1767 1671 1825 ‘Turpi-

260 1838 566 1896 lucricupidus'
599 1839 734 1895 igitur
755 1840 1095 1897 decompositum
1117 1843 1257 1882 ortum
1289 1843 1355 1881 est
1385 1840 1460 1896 ita,
1492 1843 1541 1881 ut
1571 1852 1671 1896 pars

259 1910 378 1966 prior
423 1910 480 1952 sit
531 1909 857 1967 ‘turpilucrum',
910 1910 1118 1967 ‘cupidus'
1169 1910 1394 1966 posterior.
1456 1910 1541 1964 (De
1591 1910 1671 1953 hoc

259 1979 468 2022 vocabulo
509 1979 595 2022 vid.
636 1980 749 2023 infra
786 1981 867 2023 sub
897 1981 939 2024 A
979 1982 1017 2036 ξ.
1055 1984 1081 2023 2
1119 1981 1272 2037 capitis
1309 1981 1370 2023 II.
1433 1980 1548 2023 Item
1585 1994 1670 2023 vox

259 2039 596 2105 ‘bisulcilingua'
636 2055 729 2092 orta
771 2055 837 2094 est
868 2064 924 2093 ex
966 2050 1156 2094 ‘bisulco'
1188 2050 1246 2107 -ξ-
1280 2050 1457 2106 ‘lingua'
1498 2064 1583 2093 non
1615 2064 1672 2093 ex

259 2121 304 2164 bi
334 2120 392 2178 —l-
423 2120 541 2164 sulco
572 2120 630 2178 -1-
660 2119 823 2178 lingua.

347 2192 606 2249 Priusquam
653 2206 755 2236 vero
808 2193 862 2235 ad
913 2195 1054 2249 ipsum
1101 2207 1256 2236 munus
1303 2198 1551 2250 susceptum
1603 2207 1672 2236 ac-

262 2263 424 2319 cingar,
457 2264 605 2320 paucis
646 2261 977 2320 demonstretur,
1016 2277 1122 2321 quas
1166 2265 1355 2307 rationes
1393 2264 1436 2306 in
1467 2263 1671 2307 distribu-

263 2335 386 2377 endis
419 2335 601 2377 diversis
634 2334 899 2377 diversorum
930 2349 1139 2389 generum
1171 2336 1395 2378 adiectivis
1425 2336 1671 2391 compositis

262 2405 343 2448 sim
392 2409 581 2454 secutus.
649 2404 869 2447 Nonnulla
928 2419 1097 2463 quoque
1151 2405 1388 2463 eademque
1434 2405 1672 2462 singularia

261 2476 359 2518 aliis
381 2475 484 2517 locis
507 2474 723 2530 adferam3
755 2474 968 2517 indicetur
999 2476 1193 2518 hocloco
1226 2489 1355 2532 quam
1386 2476 1669 2531 paucissimis,

262 2543 524 2601 quas'notas
567 2544 824 2601 praecipuas
855 2544 900 2586 in
945 2543 1243 2601 disiungendis
1282 2545 1505 2588 adiectivis
1537 2545 1671 2601 parti-

265 2615 476 2671 cipiisque
517 2615 561 2656 in
601 2628 727 2657 usum
770 2614 1027 2657 vocaverim.
1094 2613 1244 2672 Atque
1293 2614 1585 2659 Schroederus
1625 2616 1670 2657 in

262 2685 291 2729 1.
331 2700 368 2728 c.
411 2685 464 2730 de
504 2686 583 2729 hac
624 2700 671 2729 re
703 2686 911 2731 nonnulla
952 2687 1038 2731 iam
1078 2686 1273 2731 contulit.
1344 2687 1463 2732 Dicit
1504 2701 1546 2746 p.
1590 2688 1666 2731 85:
