1996 3071
948 173 1075 245 65*

249 323 352 366 -tivi
383 319 750 375 munusobtinet,
792 333 920 376 quam
962 318 1117 376 quibus
1158 318 1373 368 adiectivi.
1436 317 1600 362 Verum
1632 318 1677 361 in

274 408 377 438 voce
411 390 787 451 ‘adulescentulus'
825 405 1000 447 prorsus
1038 381 1252 433 diversam
1296 391 1504 433 rationem
1539 391 1677 433 secuti

241 491 244 498 .
274 470 395 521 sunt,
428 457 661 507 Terentius
684 461 856 518 quidem
890 461 990 504 data
1011 461 1101 504 fere
1134 476 1265 519 opera
1282 462 1376 504 voci
1409 461 1676 504 ‘adulescen-

274 535 403 579 tulus'
447 528 764 577 substantivum
805 532 982 589 aliquod
1023 533 1269 589 subiungit:
1303 533 1362 576 H.
1396 534 1450 575 93
1492 533 1677 588 (filium),

275 608 358 649 602
390 602 716 660 (filiam),-And.
752 604 835 646 828
867 604 1078 659 (homini),
1123 604 1207 646 910
1246 604 1490 658 (homines).
1555 604 1676 652 Quae

275 678 417 719 omnia
448 677 542 718 eius
574 680 674 717 sunt
704 676 890 730 generis,
923 675 1051 718 facile
1088 678 1143 717 ut'
1168 680 1388 732 appareat,
1422 675 1676 731 Terentium

273 748 375 789 voci·
401 744 779 787 ‘adulescentulus'
822 744 1065 786 absolutam
1107 744 1196 785 vim
1236 744 1428 786 tribuere
1470 744 1676 786 noluisse.

275 816 435 858 Contra
466 813 648 868 Plautus
678 813 997 855 ¹substantivum
1028 813 1074 854 id
1093 813 1350 855 vocabulum
1382 826 1476 856 esse
1509 814 1676 855 maluit.

274 885 345 940 (cf.
365 881 430 927 ⁴de
463 885 543 927 hac
565 898 611 926 re
634 884 691 926 H.
717 883 993 926 Rassovium:
1027 884 1184 926 Philol.
1210 885 1351 941 suppl.
1385 884 1461 926 Xll
1493 898 1535 941 p.
1560 884 1679 938 640.)

362 955 453 998 Nec
493 954 665 1012 silentio
698 957 764 996 est
803 953 1251 1009 praetermittendum,
1289 953 1541 997 Terentium
1572 967 1677 1011 prae

275 1027 371 1068 aliis
404 1025 686 1081 scriptoribus
710 1029 944 1067 amatorem
967 1028 1140 1067 exstare
1174 1038 1322 1067 eorum
1345 1026 1678 1082 compositorum

194 1098 232 1165 s·
275 1095 583 1139 adiectiv'orum
635 1097 765 1139 huius
807 1096 994 1150 generis,
1048 1110 1157 1151 quae
1204 1096 1404 1151 primitus
1450 1097 1677 1152 participia

275 1167 517 1225 praesentis
570 1171 682 1210 sunt.
763 1166 985 1210 Nonnulla
1037 1166 1212 1223 quidem
1262 1170 1483 1210 mutuatus
1535 1171 1601 1210 est
1651 1181 1676 1209 a

274 1239 444 1294 Plauto,
477 1242 526 1280 ut
558 1239 828 1292 ‘immerens',
864 1238 1144 1294 ‘obsequens',
1186 1238 1449 1294 ‘continens',
1484 1239 1675 1293 ‘recens',

208 1307 212 1309 Δ
274 1323 477 1366 magnum
508 1306 610 1353 vero
644 1324 792 1353 eorum
832 1321 1058 1353 numerum
1088 1311 1284 1353 novavit:
1333 1310 1524 1367 elegans,
1557 1311 1678 1366 igno-

275 1394 409 1436 scens,
433 1381 648 1436 indicens,
695 1382 896 1437 insolens,
930 1382 1165 1439 insperans,
1199 1382 1472 1438 intellegens,
1504 1382 1690 1438 necopi-·

274 1464 395 1508 nans,
439 1450 684 1506 neclegens.
747 1450 929 1494 Plautus
971 1452 1224 1508 usurpavit:
1259 1452 1496 1508 continens,
1529 1452 1679 1495 imme—

253 1535 386 1577 ·rens,
434 1522 687 1576 incogitans,
725 1521 936 1576 indigens,
986 1522 1233 1577 oboediens,
1281 1522 1534 1578 obsequens,
1581 1536 1678 1578 per-

275 1591 432 1647 ferens,
465 1592 736 1648 praevalens,
769 1606 932 1636 recens.
1035 1645 1038 1647 v

279 1656 281 1659 ”
332 1661 386 1702 In
417 1661 612 1717 reliquiis
644 1661 902 1703 comicorum
931 1662 1279 1718 tragicorumque
1302 1666 1420 1704 sunt:
1455 1663 1676 1719 eloquens,

274 1732 461 1787 nefrens,
493 1732 682 1789 prudens
704 1732 984 1789 (providens).
1045 1733 1204 1776 Lucilii
1237 1738 1302 1776 est
1323 1748 1475 1776 unum:
1511 1733 1676 1776 nefans.

274 1803 486 1846 Lucretii:
539 1804 811 1859 conveniens,
876 1803 1056 1859 inolens,
1113 1818 1385 1860 permanans,
1437 1809 1675 1861 praestans,

274 1874 577 1931 praecipitans,
611 1879 928 1931 praemetuens.

361 1944 502 1987 Venio
544 1946 630 1987 iam
668 1945 724 1988 ad
762 1945 993 2001 Lucilium,
1048 1950 1275 1988 occurrunt
1306 1951 1453 1989 autem
1491 1947 1674 2002 primum

275 2014 389 2070 apud
420 2029 537 2058 eum:

275 2084 524 2130 dimidiatus
561 2088 686 2131 1062.
1007 2075 1309 2145 impermixtus
1347 2089 1469 2130 1190.

273 2157 535 2217 Δε)ΧοῙ)1;9.1)ἰΙίει
569 2159 666 2200 563.
1007 2159 1244 2201 invidiosus
1278 2159 1375 2201 563.

274 2226 431 2269 incitus
464 2230 533 2284 85,
567 2230 665 2272 419.
1005 2231 1156 2273 nefaris
1193 2233 1286 2285 133,
1324 2232 1418 2272 766.

274 2296 517 2342 inconditus
550 2301 647 2342 966.
1005 2302 1222 2357 repandus
1259 2303 1352 2343 170.

274 2365 416 2410 infans
449 2371 545 2413 412.
1006 2371 1247 2414 subsicivus
1281 2373 1378 2414 679.

313 2472 316 2473 ⁷
364 2438 497 2495 Apud
526 2438 779 2485 Lucretium
811 2442 996 2499 denique
1029 2448 1141 2485 sunt:

274 2506 447 2551 adultus
479 2511 510 2552 ll
545 2512 670 2568 1123,
707 2514 831 2555 1131.
968 2525 976 2531 ’
1006 2513 1187 2556 anhelus
1219 2512 1277 2556 IV
1310 2514 1407 2556 875.

276 2579 554 2626 adumbratus
586 2583 714 2640 (PA.)
746 2584 760 2626 l
794 2585 891 2628 363.
996 2582 1222 2641 'conseque
1255 2584 1382 2640 (adv.)
1420 2584 1455 2628 V
1489 2581 1640 2642 679¹),

347 2699 382 2745 1)
406 2698 452 2734 cf.
475 2699 621 2741 Lachm,
644 2701 702 2739 ad>
715 2683 823 2739 Lucr.
846 2713 882 2748 p.
905 2704 987 2739 304.
