1996 3071
962 213 1011 256 11

281 330 469 374 dilucida
501 332 616 375 facta
645 344 775 388 quam
805 326 1010 374 facillime
1041 335 1338 387 cognoscatur,
1381 345 1492 388 quae
1524 344 1690 387 genera
1760 352 1765 372 ι

280 403 619 459 compositorum
644 401 956 444 adiectivorum
992 401 1049 443 ab
1079 401 1196 444 hisce
1227 402 1370 458 poetis
1401 402 1488 444 sint
1518 401 1692 444 adama-

279 477 325 516 ta
355 472 410 516 ab
442 473 529 516 illis
562 475 721 530 spreta,
752 485 950 529 quaeque
981 471 1192 514 vocabula
1223 472 1268 514 in
1305 472 1490 528 singulis
1520 473 1693 528 generi-

277 544 358 587 bus
395 544 450 587 ab
487 545 567 588 hoc
605 544 736 587 illove
774 547 914 600 poeta»
947 548 1106 587 novata
1132 544 1217 587 ·vel
1256 544 1443 600 primum
1482 549 1691 601 usurpata

277 615 519 657 videantur.
801 652 813 657 ⁷.

363 684 472 728 Eam
522 685 796 742 potissimum
849 684 1145 740 distinguendi
1197 685 1422 739 rationem,
1471 697 1600 740 quam
1647 685 1688 727 J.

278 757 513 799 Grimmius
545 757 591 798 in
621 756 904 812 grammatica
935 755 1156 799 theodisca
1180 756 1265 799 vol.
1298 756 1345 798 II
1382 770 1424 812 p.
1457 756 1689 799 405—945

276 831 343 870 est
373 831 560 884 secutus,
601 827 775 883 eligam.
838 826 1046 870 Obsoleta
1086 826 1259 884 quidem
1298 826 1406 868 haec
1444 830 1512 869 est
1548 840 1688 883 neque

274 898 378 940 viris
410 898 546 941 doctis
577 902 750 947 nostrae
782 898 953 953 aetatis,
976 898 1060 954 ‘qui
1091 898 1134 940 in
1167 898 1234 940 his
1266 897 1395 940 rebus
1429 898 1687 941 auctoritate

274 967 460 1026 quadam
492 972 592 1012 sunt
620 968 854 1026 conspicui,
885 967 1081 1026 probata,
1114 981 1265 1011 verum
1296 968 1487 1011 maxime
1519 970 1687 1026 perspi-

272 1050 366 1095 cua,
399 1040 606 1096 ideoque,
638 1044 688 1082 ut
719 1040 882 1096 opinor,
914 1053 1019 1096 prae
1051 1040 1148 1081 aliis
1182 1039 1477 1095 distinguendi
1508 1041 1686 1082 rationi-

273 1110 353 1152 bus
385 1110 465 1153 hac
489 1110 663 1167 quidem
695 1110 740 1153 in
772 1109 916 1167 opella
937 1109 1195 1167 arripienda,
1227 1110 1289 1153 ita
1319 1113 1479 1167 tamen,
1497 1108 1560 1153 'ut
1584 1110 1685 1153 huic

272 1180 567 1223 distributioni
607 1181 837 1238 principali
879 1181 963 1223 ista
995 1195 1021 1221 a
1052 1180 1221 1237 Boppio
1257 1182 1399 1237 posita
1431 1182 1475 1223 in
1508 1195 1684 1225 enume-

271 1250 417 1293 randis
449 1251 683 1294 cuiuslibet
713 1250 874 1293 ordinis
906 1249 1131 1293 adiectivis
1167 1251 1414 1308 compositis
1447 1251 1683 1307 subiunga-

267 1326 350 1364 tur.
413 1321 649 1365 Grimmius
677 1322 813 1378 igitur
843 1335 941 1364 cum
971 1320 1151 1364 formam
1181 1322 1450 1380 singularum
1480 1323 1681 1366 vocabuli

265 1394 491 1450 compositi
540 1394 729 1450 partium
772 1393 923 1448 magis,
971 1407 1100 1449 quam
1140 1394 1390 1436 interiorem
1436 1386 1694 1438 connexum

267 1468 485 1522 spectaret
515 1465 644 1522 (quae
675 1465 785 1507 ratio
823 1464 868 1506 in
899 1464 984 1507 ista
1022 1463 1325 1507 distributione
1357 1464 1412 1507 ab
1450 1464 1572 1508 Indis
1602 1480 1679 1522 pe-

192 1558 195 1563 >
263 1536 345 1578 tita
375 1536 617 1591 praevalet)
655 1541 786 1602 atque
825 1540 1098 1596 utramque
1137 1537 1470 1592 compositorum
1507 1541 1680 1593 partem

203 1640 206 1642 v
265 1607 310 1649 in
341 1606 506 1650 calculo
538 1610 744 1664 poneret,
766 1610 895 1665 prout
915 1619 1113 1664 quaeque
1145 1606 1217 1649 vel
1248 1606 1580 1664 substantivum,
1607 1609 1679 1651 vel

263 1676 523 1719 adiectivum
564 1677 636 1719 vel
656 1676 837 1719 verbum
867 1677 939 1718 vel
959 1677 1173 1733 particula
1203 1677 1274 1719 vel
1295 1678 1519 1720 numerale
1548 1683 1676 1743 esset,

262 1747 380 1789 aliud
410 1747 704 1803 distinguendi
735 1761 872 1803 genus
905 1747 1016 1790 effici
1047 1760 1225 1790 necesse
1258 1752 1364 1790 erat.
1428 1747 1553 1798 Quod
1590 1762 1673 1806 quo

261 1818 398 1873 magis
431 1822 652 1874 appareat,
683 1818 832 1875 paucis
865 1831 1093 1874 exponam.

349 1886 583 1930 Grimmius
615 1888 750 1943 igitur
779 1889 824 1930 in
855 1888 884 1930 l.
916 1902 952 1930 c.
984 1887 1069 1929 vol.
1101 1887 1149 1930 II
1180 1902 1222 1944 p.
1256 1888 1484 1931 426—581
1530 1889 1584 1931 de
1619 1890 1673 1932 iis

260 1949 508 2015 compositis
541 1958 645 2014 agit,
677 1960 860 2016 quorum
889 1958 1130 2002 membrum
1150 1959 1343 2014 anterius
1375 1963 1442 2003 est
1472 1959 1672 2003 substan-

258 2030 414 2084 tivum,
457 2033 586 2086 atque
619 2029 702 2071 tria
742 2029 895 2072 talium
935 2031 1269 2087 compositorum
1307 2044 1472 2086 genera
1503 2032 1669 2087 statuit,

257 2105 385 2156 prout
414 2100 657 2145 membrum
687 2101 903 2158 posterius
935 2105 1012 2145 aut
1033 2101 1350 2146 substantivum
1383 2107 1459 2146 aut
1490 2102 1669 2147 adiecti-

257 2183 359 2214 vum
390 2176 466 2215 aut
495 2171 676 2215 verbum
707 2175 786 2214 est.

344 2243 380 2285 Ι.
442 2238 495 2285 Ι11
525 2243 667 2299 priore
697 2246 820 2299 parte

332 2374 337 2377 .
679 2323 701 2409 I
723 2324 1048 2374 >substantivum
1127 2355 1135 2364 .
1351 2354 1359 2363 .

326 2384 642 2426 substantivum
675 2412 697 2501 l
729 2384 989 2486 adizctivum
1124 2369 1167 2396 ¹¹¹
1200 2358 1593 2470 POngffiffirParte

727 2457 804 2486 ver
834 2456 907 2486 um

341 2525 409 2567 De
432 2525 656 2568 adiectivis
678 2527 937 2584 compositis,
971 2541 1080 2590 quae
1104 2528 1147 2568 in
1179 2527 1292 2568 hunc
1321 2527 1531 2569 ambitum
1562 2533 1663 2570 sunt

251 2595 446 2652 cogenda
473 2591 549 2652 'egi
582 2611 674 2654 cap.
706 2597 753 2641 II
785 2596 864 2641 sub
896 2597 979 2641 litt.
1011 2597 1051 2640 A
1083 2598 1132 2653 ἓξ
1167 2600 1203 2654 1,
1236 2599 1276 2655 2,
1309 2597 1349 2641 3.

338 2666 452 2712 Tum
481 2669 507 2720 ἕ
538 2669 563 2709 2
595 2681 636 2727 p.
669 2670 750 2713 627
774 2682 830 2711 ss.
864 2667 1097 2711 Grimmius
1127 2669 1429 2727 complectitur
1462 2683 1515 2713 ea
1545 2683 1659 2714 com-
