1996 3071
776 626 934 696 caput
971 628 1186 695 primum.

363 770 547 831 Sexiens
579 769 735 814 abhinc
767 784 892 813 senos
924 784 1095 814 menses
1121 784 1218 813 cum
1250 769 1526 813 Terentianis
1557 768 1680 812 fabu—

273 840 328 883 lis
367 839 670 897 Plautinisque
708 840 1022 897 pertractandis
1054 854 1229 898 operam
1268 840 1417 882 darem
1456 844 1586 897 atque
1625 840 1681 881 ad

272 923 412 966 genus
444 909 627 967 dicendi,
658 910 977 968 verborumque
1009 910 1177 967 copiam
1194 910 1459 967 ,praesertim
1489 910 1680 953 animum

230 1026 237 1039 Ι
272 980 555 1037 intenderem,
595 981 807 1038 quomodo
848 982 918 1024 hic
960 981 1050 1024 illic
1091 981 1408 1024 elocutionibus
1449 980 1678 1036 fingendis,
1741 998 1744 1001 ·

229 1040 231 1042 ’
274 1046 510 1109 enuntiatis
542 1050 777 1094 formandis
800 1047 984 1094 et‘inter
1015 1065 1061 1094 se
1095 1050 1389 1109 discreparent
1419 1051 1604 1094 Plautus
1635 1055 1681 1093 et

274 1121 521 1181 Terentius,
554 1122 693 1180 deque
725 1123 836 1176 ali-is*
854 1124 995 1180 poetis
1028 1127 1073 1166 et
1103 1122 1458 1166 antecedentibus
1490 1127 1536 1166 et
1565 1123 1678 1165 inse·
1724 1134 1727 1136 ·

273 1192 504 1250 quentibus
535 1206 673 1255 usque
705 1192 760 1235 ad
796 1193 1018 1237 Catullum
1049 1193 1230 1251 eiusque
1262 1192 1467 1250 aequales
1498 1191 1679 1236 decede-

272 1268 384 1319 rent,
425 1264 678 1320 saepissime
712 1269 778 1307 est
808 1264 984 1320 factum,
1024 1269 1075 1307 ut
1104 1265 1377 1320 adiumentis,
1411 1263 1597 1306 eundem
1628 1264 1678 1305 il-

271 1333 363 1376 lum
393 1334 467 1376 vel
498 1334 685 1377 similem
731 1333 946 1392 quendam
977 1335 1107 1378 finem
1153 1334 1451 1392 spectantibus
1497 1333 1678 1377 destitu-

271 1407 354 1458 tus,
404 1404 708 1460 quaestionum
753 1405 863 1447 scitu
895 1404 1246 1460 dignissimarum
1291 1418 1496 1460 magnum
1527 1419 1678 1447 nume·

269 1487 365 1517 rum
395 1473 512 1516 haud
543 1473 853 1532 diremptarum
884 1474 1132 1532 relinquere
1163 1488 1355 1531 cogerer.
1418 1475 1515 1525 Qua
1545 1488 1592 1518 re
1625 1489 1676 1518 eo

269 1557 365 1587 sum
384 1544 630 1601 perducturi,
662 1549 711 1587 ut
729 1546 916 1602 primum
945 1544 999 1588 de
1029 1539 1251 1588 adiectivis
1276 1546 1493 1589 Plautinis
1515 1546 1677 1590 Teren-

270 1610 486 1672 tianisq'ue
519 1616 817 1671 quaestionem
841 1608 1127 1671 instituerem,
1159 1630 1257 1658 cum
1281 1617 1472 1659 omnium
1496 1617 1677 1659 istarum

270 1683 570 1742 quaestionum
617 1690 756 1729 totum
802 1686 1010 1729 ambitum
1051 1685 1184 1742 adire,
1231 1690 1361 1744 atque
1394 1700 1491 1730 cum
1531 1687 1675 1743 aliquo

269 1756 413 1800 fructu
444 1756 498 1799 ad
529 1758 659 1801 finem
691 1757 906 1814 quendam
937 1756 1175 1814 perducere
1198 1758 1325 1800 nimis
1346 1758 1580 1800 multarum
1611 1758 1676 1802 lu-

269 1826 571 1872 cubrationum
601 1842 670 1872 res
702 1828 800 1884 sit,l
826 1831 956 1886 atque
989 1841 1054 1884 ea,
1107 1837 1217 1885 quae
1250 1828 1556 1885 elaborassem,
1597 1828 1676 1871 ali·

270 1898 453 1954 quando,
485 1899 522 1941 si
553 1899 718 1955 liceret,
763 1897 877 1941 foras
910 1897 1039 1941 edere
1072 1902 1165 1941 tum
1195 1899 1281 1941 iam
1313 1900 1358 1941 in
1388 1899 1580 1941 animum
1611 1899 1675 1941 in-

269 1967 493 2012 duxeram.
556 1969 720 2012 Verum
751 1973 897 2011 tamen
928 1969 1071 2025 operis
1098 1968 1351 2025 amplitudo,
1382 1970 1675 2027 temporisque
1730 2006 1747 2014 „
1777 1949 1779 1952 ¹

269 2036 497 2095 angustiae
529 2039 714 2095 obstant,
755 2039 984 2096 quominus
1015 2039 1158 2096 ipsum
1194 2053 1350 2082 munus
1389 2040 1505 2083 haud
1536 2041 1675 2084 immi·

225 2134 228 2138 ι
268 2114 421 2153 nutum
453 2110 696 2166 absolvam3
742 2113 912 2167 partem
951 2113 1120 2152 tantum
1160 2111 1316 2166 operis,
1364 2124 1475 2167 quae
1523 2116 1590 2154 est
1620 2112 1674 2154 de

269 2182 519 2239 compositis
551 2181 788 2228 ,adiectivis
802 2186 814 2195 ⁰
834 2180 1050 2224 Plautinis
1096 2195 1210 2225 nunc
1241 2182 1328 2225 iam
1374 2182 1599 2225 elaborare
1630 2187 1676 2226 et

269 2252 539 2296 conscribere
572 2266 651 2309 per
687 2257 857 2309 tempus
890 2256 935 2314 eg
972 2266 1130 2309 operae
1162 2252 1374 2295 ambitum
1410 2253 1525 2297 licet.
1586 2254 1629 2297 N
1631 2267 1675 2296 e-

269 2337 353 2385 que
396 2327 543 2368 tamen
579 2338 675 2368 sum
711 2323 902 2380 ignarus,
947 2337 1106 2381 operae
1149 2323 1434 2382 amplitudine
1477 2325 1675 2369 restricta

269 2403 454 2453 quoque,
496 2395 763 2453 provinciam
793 2394 899 2437 satis
943 2393 1162 2448 difficilem
1204 2399 1336 2452 atque
1379 2396 1675 2444 molestiarum

267 2466 442 2524 plenam
479 2480 549 2510 me
589 2466 851 2527 suscepisse3
888 2464 965 2509 sed
1002 2465 1197 2515 stimulat
1233 2465 1522 2523 sollicitatque
1558 2467 1674 2510 vires

267 2536 483 2581 iuveniles
514 2550 627 2595 spes,
659 2551 744 2581 non
765 2536 880 2593 omni
901 2535 1095 2581 fortassis
1127 2541 1288 2581 eventu
1314 2551 1479 2598 cassam
1499 2533 1673 2595 operam

260 2607 375 2652 fore.
437 2606 738 2652 Adhortantur
769 2622 942 2666 quoque
974 2607 1030 2651 ad
1049 2608 1357 2666 perficiendam
1379 2623 1469 2652 rem
1501 2624 1674 2666 suscep-

267 2682 357 2722 tam
389 2691 455 2738 ea,
488 2692 598 2737 quae
632 2678 908 2725 Woelfflinus
933 2680 978 2723 in
1008 2694 1118 2725 mus.
1149 2680 1291 2725 Rhen.
1323 2681 1407 2725 vol.
1441 2683 1510 2738 37,
1540 2696 1584 2738 p.
1618 2682 1673 2723 84
