1996 3071
896 160 901 165 ’
985 169 1042 226 66

306 292 645 339 contrectabilis
662 279 851 337 IVAEGO.
1044 306 1303 350 permanans
1335 292 1400 337 Vl·
1426 256 1526 339 910.

305 360 568 407 conveniens
597 351 659 406 IV
682 359 778 418 791,
811 361 854 404 V
879 363 978 406 445.
1042 364 1289 420 pernicialia
1320 365 1336 406 l
1367 349 1504 430 451¹).

304 433 448 478 infans
479 434 494 476 1
530 435 626 491 186,
659 432 701 476 V
734 431 833 491 223,
866 433 967 477 810.
1042 435 1333 493 praecipitans
1365 434 1415 479 lll
1450 436 1575 479 1063.

305 505 474 563 inplens
505 506 538 548 ll
570 504 669 548 850.
1043 510 1347 563 praemetuens
1388 506 1437 548 lll
1472 507 1596 560 1019,
1628 504 1687 548 IV
1771 504 1775 508 ’
1844 499 1859 513 '

305 576 610 628 inrevocabilis
641 575 657 619 l
690 576 787 620 468.
1103 579 1201 621 823.
1230 571 1232 573 ’
1409 619 1412 623 ,
1456 606 1462 618 ,

304 647 513 690 intactffis
545 644 561 689 1
594 647 693 690 437.
852 662 859 672 ·
1034 637 1257 702 ,sublimus
1303 649 1317 689 1
1365 648 1463 703 340,
1510 648 1542 689 11
1588 648 1686 702 206,

303 717 558 762 insedabilis
591 717 650 761 Vl
687 717 814 762 1175.
1105 718 1165 762 lV
1200 719 1295 775 135,
1327 718 1387 762 Vl
1418 719 1486 761 97.

304 789 568 845 necopinans
591 788 633 831 V
657 788 785 843 1320,
808 787 867 831 Vl
888 790 988 831 408.
1049 789 1222 833 subtilis
1243 790 1277 832 ll
1298 790 1396 845 385,
1418 789 1478 832 lv
1497 790 1567 844 98,
1593 789 1687 843 115,

305 859 507 918 obliquus
531 858 572 901 111
603 859 704 915 245,
737 859 835 919 247,
870 860 978 915 8003
1015 902 1017 904 ,
1103 861 1199 915 122,
1236 851 1465 916 743,'747‚
1498 859 1597 914 901,
1629 858 1688 901 Vl

347 926 406 972 'V
440 930 540 973 693.
911 948 913 952 ⁴
1103 926 1202 973 225.
1784 984 1788 988 ι

364 1001 564 1056 ’Βεείιαῂ
606 1005 654 1042 ut
685 999 739 1043 de
782 998 966 1056 singulis
1006 1000 1266 1057 quibusdam
1306 1001 1531 1046 adiectivis
1569 1001 1717 1045 huius-

305 1071 434 1128 modi,
477 1081 590 1129 quae
623 1085 701 1114 cur
732 1071 815 1114 huc
863 1072 950 1115 sint
980 1071 1211 1115 referenda
1256 1072 1394 1129 primo
1440 1072 1594 1116 obtutu
1633 1085 1718 1115 non
1749 1080 1809 1123 ··,,

304 1145 594 1200 cognoscitur,
634 1157 775 1201 pauca
806 1143 959 1187 verbas
982 1144 1101 1187 fiant.
1161 1143 1309 1202 Atque
1351 1143 1404 1187 de
1435 1145 1552 1188 vocis
1595 1144 1718 1188 ‘invi-

305 1215 387 1259 tus'
411 1215 700 1272 originatione
734 1214 973 1259 Corssenus
993 1214 1131 1259 Beitr.
1155 1230 1197 1273 p.
1222 1215 1275 1258 18
1297 1216 1390 1272 (19)
1410 1216 1600 1259 maxima
1620 1218 1718 1258 cuni

304 1271 613 1344 probaliilitate
645 1286 870 1340 disseruit,
913 1286 986 1343 qni
1019 1287 1284 1330 inveteratas
1315 1286 1369 1329 de
1408 1286 1587 1330 vocibus
1617 1286 1718 1329 viti-

301 1371 391 1413 -um,
438 1357 615 1412 invitus,
648 1357 834 1399 invitare
856 1357 1097 1403 sententias
1117 1350 1327 1413 refutans,
1362 1357 1545 1411 (scilicet
1563 1356 1718 1399 vitium

305 1428 359 1471 de
391 1428 586 1484 vicitare,
617 1428 786 1471 victare
818 1426 874 1470 cf.
904 1431 1050 1483 ἓεικω,
1083 1427 1246 1470 invitus
1277 1426 1331 1470 de
1363 1427 1566 1473 invicitus
1597 1426 1650 1470 ef.
1672 1444 1718 1471 α-

303 1502 464 1557 Ὲεκητι,
494 1487 681 1541 invitare
704 1497 758 1541 de
790 1496 1022 1541 inviditare
1054 1495 1127 1552 (‘=
1160 1498 1365 1554 vocare),)
1398 1498 1482 1559 tria
1506 1497 1614 1541 haec
1643 1511 1718 1541 vo-

306 1570 462 1613 cabula
502 1570 671 1625 vitium,
714 1569 890 1623 invitus,
933 1569 1119 1611 invitare
1160 1568 1214 1612 de
1245 1569 1390 1612 radice
1429 1569 1517 1611 skr.
1560 1569 1630 1611 ‘vi’
1663 1589 1717 1606 =

304 1626 546 1698 begehren'
570 1638 807 1683 derivanda
849 1632 961 1683 esse*
992 1638 1228 1697 praedicat,
1270 1652 1356 1697 qua
1401 1639 1585 1683 formata
1632 1640 1721 1683 sint‘

303 1713 443 1755 vitare
478 1731 531 1748 =
564 1711 811 1765 wiinschen,
845 1710 1080 1766 begehren,
1113 1711 1228 1753 vitus
1271 1711 1529 1767 erwiinsoht,
1562 1711 1719 1755 invita-

304 1791 365 1834 re,
412 1770 590 1823 invitus.
673 1778 804 1822 Vocis
853 1778 1089 1822 ‘obscurus'
1132 1778 1447 1823 derivationem
1486 1793 1717 1835 assumam,

305 1863 437 1907 quam
466 1850 634 1893 Birtius
675 1851 720 1892 in
752 1863 895 1906 progr.
934 1849 1157 1906 Marpurg.
1199 1864 1303 1893 sem.
1336 1850 1425 1907 hib.
1457 1850 1718 1895 MDOOOL-

305 1918 592 1978 XXXulslV.
606 1920 800 1977 protulit,
832 1920 1016 1963 verbum
1046 1921 1331 1977 compositum
1368 1920 1719 1964 constituendum

306 2005 402 2035 esse
434 1995 563 2049 putat
593 1990 767 2047 obsonio,
801 1990 917 2048 quod
937 1985 1265 2035 distrahendum
1285 1991 1343 2034 sit
1372 1991 1419 2035 in
1439 1991 1494 2035 ob
1526 1995 1572 2035 et
1602 1991 1721 2048 sesto,

306 2063 368 2106 ita
399 2067 450 2105 ut
481 2062 689 2106 obscurus
722 2061 871 2105 littera
900 2060 941 2104 R
972 2063 1141 2104 inutata
1180 2075 1204 2104 e
1237 2062 1384 2109 littera
1416 2061 1446 2105 S
1478 2075 1536 2105 ex
1568 2061 1719 2105 obscu-

303 2148 377 2178 sus
411 2134 469 2177 sit
499 2137 655 2177 ortum.
718 2132 820 2175 Vox
850 2146 953 2176 vero
977 2122 1217 2189 ‘propitius’
1250 2146 1380 2190 quam
1401 2132 1575 2190 quidem
1602 2132 1719 2190 Bop-

302 2205 401 2261 pius
447 2205 493 2248 in
525 2205 553 2247 l.
586 2218 622 2248 c.
655 2203 1004 2262 apraepositione
1052 2203 1214 2260 ‘prope'
1247 2203 1378 2261 ducit,
1417 2203 1580 2247 maiore
1621 2206 1726 2247 cum‘

302 2274 683 2320 verisimilitudine
716 2274 771 2318 ad
801 2288 1005 2331 graecum
1038 2267 1263 2334 προπετὴς
1292 2275 1447 2320 referri
1477 2274 1663 2319 videtur.

342 2393 385 2438 Ε.
447 2394 593 2452 Agitur
624 2394 678 2438 (1ο
708 2379 766 2439 lis
788 2393 1001 2439 sdisouvi·
1032 2395 1293 2452 compositio,
1327 2406 1430 2451 quae
1461 2407 1485 2439 a
1518 2372 1679 2440 nemine

397 2476 405 2480 ‘
765 2467 960 2511 numerali
992 2466 1118 2523 dycta
1151 2469 1262 2510 eunt.

395 2560 537 2611 Quam
568 2561 842 2617 paucissimis
876 2559 930 2604 de
961 2560 1029 2604 his
1052 2560 1278 2604 adiectivis
1305 2573 1437 2616 agere
1468 2560 1583 2617 licet,
1616 2561 1717 2618 quia
1803 2607 1808 2612 ,

382 2679 417 2725 1)
442 2677 570 2715 adiect.
594 2677 812 2724 derivatum
837 2677 920 2715 vide
942 2687 1022 2724 cap.
1045 2677 1076 2721 L
