1996 3071
1092 174 1152 220 4⁶

410 296 533 342 libris
563 293 702 339 maior
731 294 928 354 minorve
957 294 1084 352 copia
1114 293 1413 352 exemplorum
1433 288 1695 356 inueniatur,
1727 301 1822 338 rna-¹

411 368 480 425 gis
509 364 700 410 dilucide
732 377 904 423 quoquc
935 378 1066 422 quam
1110 365 1156 408 in
1202 365 1273 408 iis*
1301 364 1551 421 generibus,
1582 363 1636 408 de
1667 364 1825 423 quibus
1864 423 1867 427 .

412 451 552 497 usque
582 435 668 480 huc
697 434 834 480 verba
864 434 962 492 feci,
993 436 1182 493 perspici
1212 449 1353 495 posse,
1385 427 1468 494 quo
1490 448 1636 479 amore
1667 435 1825 480 diversi

409 513 567 568 poetae
598 506 908 551 vocabulorum
938 505 1236 550 novandorum
1266 506 1407 551 studio
1439 498 1527 568 sint
1555 507 1683 564 rapti.
1744 506 1824 552 At-

410 593 496 639 que
525 580 573 623 in
602 579 769 622 incerto
780 576 1053 635 aliquamdiu
1070 578 1320 635 haerebam,
1358 583 1504 622 utrum
1540 579 1823 635 permagnam

410 653 542 697 trium
572 651 726 693 horum
756 662 967 706 generum
999 648 1314 693 adiectivorum
1351 651 1519 708 copiam
1555 664 1641 693 non
1673 650 1824 694 decur-

412 726 548 766 tatam
579 715 910 776 conscriberem,
942 734 998 763 an
1030 734 1084 763 ea
1114 720 1255 764 solum
1276 721 1500 778 eligerem,
1531 734 1643 780 quae
1674 725 1822 783 essent
1860 722 1887 769 ,’

412 793 653 850 singularia
683 805 826 850 neque
857 790 974 848 apud
1013 782 1163 835 omnes
1202 796 1354 849 poetas
1389 806 1529 849 usque
1566 791 1621 834 ad
1660 791 1824 836 Catulli

411 868 602 908 aetatem
628 863 942 907 invenirentur.
975 863 1029 906 In
1050 867 1242 907 mentem
1274 877 1377 907 vero
1403 863 1537 920 venit,
1569 867 1823 919 congestum

411 935 604 978 omnium
624 934 938 978 adiectivorum
969 933 1086 976 haud
1105 935 1222 977 omni
1253 933 1448 977 fortassis
1480 933 1623 977 fructu
1654 924 1823 976 cassum

411 1006 522 1062 fore,
573 998 709 1064 siquis
765 1019 802 1047 e.
850 1019 893 1061 g.
944 1003 988 1047 id
1038 1005 1281 1049 accuratius
1336 1003 1686 1061 investigandum
1739 1004 1822 1048 sibi

409 1080 613 1132 sumeret,
646 1077 722 1133 qui
738 1076 799 1118 sit
816 1075 992 1131 factum,
1024 1080 1074 1118 ut
1099 1076 1330 1133 scriptores
1360 1075 1623 1133 posteriores
1644 1076 1714 1118 hic
1731 1075 1822 1117 illic

407 1148 502 1193 loco
548 1146 862 1192 adiecti-vorum
906 1147 1242 1205 compositorum
1288 1145 1558 1205 quorundam
1599 1146 1820 1204 ¹simplicia

405 1220 550 1275 potius
581 1222 806 1275 ponerent,
838 1231 1038 1275 quaeque
1081 1219 1168 1260 sint
1198 1218 1510 1280 adiectivorum
1548 1205 1810 1275 composito·
1834 1269 1840 1275 .

407 1304 502 1333 rum
534 1303 588 1333 ea
618 1301 796 1345 genera.
1760 1297 1763 1300 ·

495 1360 664 1403 Verum
694 1360 840 1402 omnia
871 1359 1088 1402 adjectiva
1117 1361 1368 1416 composita,
1406 1361 1451 1402 in
1490 1359 1645 1416 quibus
1686 1351 1838 1415 parti-“¹

393 1430 507 1477 ‚cula
538 1429 752 1488 quaedam
784 1443 882 1472 cum
912 1429 1080 1472 verbali
1111 1431 1246 1487 stirpe
1277 1419 1461 1486 coaluit,¹
1482 1444 1568 1472 non
1614 1428 1819 1484 adferam,

334 1526 337 1529 -
406 1515 503 1544 cum
545 1514 696 1544 eorum
741 1505 832 1543 tam
877 1501 1006 1556 nimis
1052 1515 1210 1557 magna
1228 1491 1300 1544 'sit
1328 1501 1453 1558 copia
1494 1514 1623 1558 quam
1668 1494 1819 1558 parum

405 1584 565 1627 magna
610 1571 728 1627 apud
779 1571 974 1627 singulos
1021 1575 1172 1629 poetas
1218 1571 1461 1614 diversitas.
1537 1571 1604 1614 Ea
1649 1575 1818 1616 tantum

326 1636 337 1646 Ἴ
402 1642 578 1699 eligam,
610 1655 729 1700 quae
755 1646 833 1685 aut
863 1642 1105 1700 singularia
1135 1646 1249 1700 sunt,
1292 1645 1368 1685 aut
1413 1642 1469 1686 ad
1511 1642 1600 1686 hoc
1651 1641 1816 1686 illudve

398 1712 717 1756 *adiectivorum
737 1727 877 1769 genus
898 1714 1041 1756 minus
1063 1715 1214 1755 tritum
1243 1713 1561 1756 inlustrandum
1582 1714 1816 1770 pertinent.

478 1806 606 1851 Neque
631 1806 676 1842 de
700 1807 816 1842 forma
841 1807 1107 1852 compositionis
1136 1807 1393 1842 adiectivorum
1423 1806 1533 1843 huius
1563 1807 1706 1853 generis
1731 1806 1818 1841 faci-

403 1865 437 1899 le
463 1864 698 1910 diiudicatur;
727 1865 846 1900 omnia
863 1865 1011 1910 scilieet,
1034 1866 1133 1900 nullo
1158 1868 1322 1910 excepto,
1346 1868 1431 1911 sunt
1453 1865 1652 1911 composita
1675 1875 1818 1909 posses-

405 1923 486 1958 siva
522 1923 760 1969 (bahuvrihi).
809 1927 930 1969 Atque
961 1935 981 1959 e
1011 1935 1206 1971 permagna
1236 1925 1363 1960 horum
1394 1925 1671 1970 compositorum
1708 1934 1817 1970 grege

403 1982 500 2017 haud
524 1983 657 2029 exigua
687 1993 772 2027 pars
810 1983 1033 2029 aptissimam
1070 1983 1330 2028 interpretandi
1362 1984 1421 2018 vel
1455 1983 1658 2029 explicandi
1693 1994 1817 2018 ansam

404 2042 571 2086 praebet;
596 2052 628 2077 e.
653 2054 688 2088 g.
714 2042 892 2089 ‘elinguis’
923 2046 979 2077 est
1004 2043 1046 2087 is,
1078 2043 1139 2087 qui
1168 2043 1328 2089 linguam
1360 2039 1575 2077 eradicatam
1598 2042 1718 2086 habet,
1744 2043 1817 2077 ‘cx-

402 2100 556 2135 animus'
582 2101 625 2146 is,
650 2101 711 2145 qui
736 2101 892 2137 animum
925 2104 1101 2136 remotum
1125 2102 1247 2146 habet,
1275 2101 1394 2136 animo
1420 2103 1476 2144 est
1498 2101 1706 2145 destitutus,
1743 2103 1817 2135 ‘ex-

407 2161 514 2204 spes,‘
539 2160 602 2204 qui
625 2170 726 2206 spem
752 2160 887 2195 nullam
913 2160 1114 2206 (remotam)
1140 2161 1249 2196 habet
1274 2172 1305 2196 e.
1330 2172 1382 2204 a.;
1407 2160 1479 2195 alia
1502 2163 1622 2195 tamen
1646 2160 1743 2195 haud
1767 2160 1818 2194 ita

369 2252 374 2256 .
402 2218 508 2255 facile
539 2219 778 2264 explicantur,
809 2231 839 2255 e.
865 2232 899 2267 g.
927 2221 1076 2256 ‘excors’
1107 2222 1143 2256 et
1175 2219 1258 2265 alia,
1289 2230 1439 2264 quorum
1470 2218 1667 2254 membrum
1695 2221 1819 2264 poste-¹

404 2278 479 2313 rius
505 2281 625 2314 exstat
650 2279 782 2314 ‘cor-s'.
832 2279 985 2314 Omnino
1009 2282 1130 2315 tamen
1148 2279 1324 2315 dubitatio
1349 2281 1468 2314 exstat
1493 2279 1605 2323 nulla,
1631 2278 1718 2322 quin
1743 2289 1816 2313 om-

402 2338 462 2372 nia
485 2337 664 2372 adiectiva
687 2339 796 2373 huius
821 2339 963 2385 generis
989 2339 1062 2373 siut
1086 2339 1292 2374 bahuvrihi.

402 2454 436 2500 ἓ.
464 2455 497 2494 1.
548 2455 730 2493 Particum
755 2456 926 2501 quasdam
958 2465 1036 2493 cum
1061 2456 1296 2506 substantivo
1325 2458 1590 2503 coanimantur
1614 2459 1659 2495 ad
1686 2458 1802 2496 adiec-

851 2515 926 2552 tiva
950 2516 1146 2560 commun
1171 2517 1371 2553 formanda.

401 2570 603 2653 (Amssns)
633 2593 727 2650 Ajfr.
766 2600 860 2656 128,
895 2599 994 2643 348.
1105 2601 1409 2659 (cognominis)
1439 2600 1533 2647 Afr.
1567 2602 1636 2645 46,
