1996 3071
882 218 940 264 35

198 353 341 398 gagen
378 340 477 384 dem
522 338 753 385 einfachen
796 352 964 397 corpus,
979 337 1212 397 '·-corporis.
1273 338 1358 382 Mit
1393 337 1493 383 dem
1529 351 1610 382 un-

199 407 483 469 organischen
503 412 662 466 Zusatz
690 411 810 454 eines
841 411 856 453 i
888 410 1007 467 zeigt
1034 411 1125 453 sich
1147 410 1225 453 der
1246 410 1412 454 Stamm
1444 410 1606 467 ‘gener'

184 473 588 540 (genus-generds)
607 482 653 524 in
673 481 1058 538 multi—gener-is.“
1094 480 1218 524 Idem
1237 469 1458 539 praedicat
1473 481 1610 525 Besta

185 554 228 600 fl.
259 569 295 597 c.
327 569 369 613 p.
408 556 464 598 39
502 553 600 595 adn.
644 554 713 596 74.
774 553 850 607 „in
889 553 1125 609 composito
1168 552 1461 609 ‘multigenus'
1502 565 1608 595 sane

199 624 442 672 membrum
471 623 688 681 posterius
720 626 788 666 est
818 623 947 680 stirps
980 623 1145 680 ‘genus,
1177 623 1428 680 gener-is'“.

288 696 413 746 Quod
444 691 500 738 six
512 692 797 750 concedimus,
831 694 884 737 de
916 694 1144 737 adiectivis
1176 683 1469 749 alieni-genus
1499 694 1546 747 (i.
1568 707 1607 736 e.

200 779 256 810 ex
286 766 428 819 alieno
459 778 621 822 genere
654 762 889 822 oriundus),
936 764 1226 821 simili-genus
1268 764 1315 820 (i.
1348 777 1387 807 e.
1419 777 1444 806 e
1476 761 1608 806 simili

199 851 359 894 genere
388 826 624 893 oriundus),
657 837 1008 893 quinque-genus
1040 836 1084 891 (i.
1106 850 1144 878 e.
1166 849 1249 892 res,
1282 849 1394 892 quae
1416 834 1607 891 quinque

144 905 147 906 ⁷
199 918 361 965 genera
402 908 607 964 continet,
650 909 675 950 5
709 907 962 963 Gattungen
993 906 1193 962 umiasst)
1233 906 1459 963 privignus
1490 905 1535 961 (i.
1568 918 1607 947 e.

198 979 371 1036 proprio
403 991 566 1034 genere
598 978 841 1036 oriundus),
867 992 936 1034 res
967 978 1054 1021 iam
1086 981 1153 1020 est
1190 978 1236 1019 in
1272 976 1397 1019 vado.
1452 975 1608 1033 Neque

199 1053 363 1091 temere
394 1062 463 1091 me
494 1048 663 1105 fecisse,
708 1046 1017 1096 adiectivorum
1048 1049 1228 1091 istorum
1259 1048 1467 1102 omnium,
1496 1059 1607 1103 quae

198 1119 341 1176 priore
372 1118 465 1161 loco
498 1109 761 1174 enumeravi,
792 1118 1040 1161 intellectus
1072 1117 1274 1160 clamant.

287 1189 570 1245 Tetri-genus
608 1203 645 1232 e.
677 1202 720 1245 g.
767 1187 940 1231 omnino
978 1203 1065 1234 non
1110 1202 1207 1231 eam
1246 1187 1606 1244 significationem

199 1261 377 1318 obtinet,
425 1265 489 1304 ut*
517 1261 671 1304 ‘terrae
718 1260 883 1317 genus’,
935 1264 984 1303 ut
1034 1260 1157 1317 quasi
1208 1263 1423 1303 terrarum
1469 1258 1608 1307 multa

198 1346 361 1389 genera
408 1346 503 1376 esse
568 1331 866 1389 subaudiatur,
909 1332 982 1375 vel
1035 1336 1177 1374 terrae
1236 1329 1449 1388 quoddam
1514 1330 1606 1373 ani-

197 1404 376 1448 malium
406 1418 557 1459 genus,
597 1403 674 1446 sed
707 1417 731 1446 e
762 1408 878 1446 terra
908 1406 1160 1460 prognatus,
1198 1401 1487 1458 erdgeboren3
1527 1414 1608 1458 per

199 1475 446 1531 analogiam
495 1488 597 1518 vero
650 1474 864 1518 adiectiva
916 1474 1185 1531 caprigenus,
1242 1473 1512 1528 tauriganus,
1563 1475 1609 1515 et

199 1543 495 1602 quaecumque
527 1545 659 1587 simili
707 1544 891 1601 quodam
921 1543 1046 1587 modo
1079 1548 1178 1593 sunt
1210 1543 1406 1600 formata,
1453 1542 1632 1602 eadem:

197 1617 363 1658 ratione
396 1619 489 1658 orta
520 1628 615 1657 esse
658 1610 856 1656 arbitrer.
918 1614 1083 1656 Verum
1129 1612 1244 1664 unde
1282 1612 1495 1656 adiectiva
1531 1612 1606 1655 be-

197 1686 367 1750 nignus,
398 1685 628 1741 malignus,
676 1685 944 1741 primigenus
984 1684 1252 1748 caecigenus,
1294 1683 1381 1725 sint
1411 1683 1592 1725 oriunda

196 1755 334 1811 primo
366 1755 521 1797 obtutu
552 1754 792 1796 haesitasse
823 1767 892 1795 me
924 1766 1009 1795 non
1040 1766 1175 1809 nego3
1217 1766 1358 1809 neque
1394 1753 1487 1795 ulla
1517 1752 1606 1795 alia

197 1824 483 1879 cognoscendi
513 1829 616 1866 nota
636 1825 720 1866 nisi
742 1824 967 1865 intellectu
989 1824 1183 1879 quaestio
1216 1823 1269 1865 de
1300 1823 1354 1865 iis
1376 1823 1606 1865 dirimitur.

198 1893 299 1936 Vox
344 1894 600 1950 caecigenus
633 1907 671 1942 e.
703 1906 745 1949 g.
778 1906 873 1935 eam
905 1892 997 1935 sine
1029 1891 1158 1935 dubio
1204 1906 1380 1936 sensum
1399 1893 1605 1950 postulat,

198 1968 248 2005 ut
279 1964 336 2005 sit
367 1988 421 1993 —
453 1964 781 2019 blindgeboren,
812 1964 874 2005 ita
896 1963 1082 2019 quidem,
1114 1967 1163 2005 ut
1183 1967 1281 2018 post
1302 1963 1478 2019 aliquod
1498 1966 1606 2006 tem—

199 2033 319 2091 poris
351 2034 540 2091 spatium
561 2034 766 2089 solisflux
799 2033 952 2091 dispici
973 2033 1123 2090 possit.
1184 2033 1350 2077 Verum
1381 2034 1418 2077 si
1449 2023 1606 2078 a'sub-

199 2105 387 2147 stantivo
418 2119 558 2161 genus
592 2110 733 2149 ortum
776 2106 1029 2148 duceremus
1064 2105 1321 2148 vertendum
1353 2110 1481 2163 esset,
1527 2120 1605 2149 aus

139 2212 143 2215 ,
201 2176 344 2217 einem
364 2175 544 2219 blinden
567 2176 853 2220 Geschlechte
885 2175 1092 2233 geboren,
1125 2176 1187 2218 ita
1218 2180 1267 2219 ut
1297 2177 1413 2219 caeci
1433 2177 1607 2233 generis

200 2247 270 2303 res'
302 2250 429 2302 esset,
462 2246 507 2290 et
536 2252 776 2305 numquam
800 2247 977 2290 videndi
1014 2247 1221 2290 facultate
1268 2247 1467 2303 praedita
1511 2247 1606 2290 fieri

127 2310 130 2313 ’
200 2320 359 2376 posset.
419 2317 586 2361 Eodem
601 2314 709 2361 vero*
720 2317 846 2374 modo
868 2317 921 2360 de
938 2318 1094 2361 ceteris
1116 2314 1354 2378 adiectivis,
1375 2317 1605 2373 benignus,

201 2387 431 2445 malignus,
462 2389 743 2447 primigenus,
776 2391 885 2447 'quae
908 2389 1049 2445 attuli,
1081 2388 1359 2432 iudicandum
1380 2403 1476 2433 esse
1497 2388 1604 2431 mihi

199 2458 383 2503 videtur.

224 2533 228 2536 ’
290 2531 457 2588 Restat,
504 2524 554 2575 u‘t
599 2531 653 2576 de
700 2532 913 2577 adiectivo
957 2528 1245 2590 ‘versi-pellis'
1277 2532 1486 2576 nonnulla
1515 2546 1605 2576 mo-

202 2616 351 2659 neam3
382 2602 561 2646 Beatam
591 2605 708 2648 enim
739 2619 824 2648 non
853 2608 972 2648 recte
993 2599 1046 2647 de
1067 2604 1147 2647 hoc
1167 2604 1340 2647 nomine
1361 2603 1605 2662 disputasse

138 2706 167 2711 «.
205 2688 383 2730 censeo3
432 2673 535 2736 dicit
566 2689 622 2731 p.
655 2678 711 2720 39
758 2676 812 2719 de
845 2676 1138 2720 ‘strictivilla'z
1177 2677 1286 2730 „hoc
1323 2677 1606 2734 compositum
