1996 3071
1053 246 1112 289 40

458 360 531 405 Ad
561 362 736 420 singula
767 363 853 406 iam
883 363 1130 421 pergamus.

457 433 607 491 Atque
656 447 714 478 ex
761 434 1061 492 exemplorum
1107 435 1191 479 isto
1240 437 1449 490 congestu
1496 437 1563 479 sat
1593 393 1782 478 dilucide

368 505 560 562 perspici
590 505 696 548 mihi
728 505 915 562 videtur,
947 520 1031 563 quo
1063 505 1207 549 studio
1265 504 1427 561 singuli
1471 509 1627 562 poetae
1673 518 1784 558 nova

368 575 618 620 huiusmodi
661 576 873 620 vocabula
913 577 1142 637 captarint.
1203 576 1271 620 De
1316 562 1434 619 haud
1478 577 1638 633 exiguo
1678 588 1782 619 sane

368 646 686 690 adiectivorum
722 637 903 692 numero
936 653 1054 692 certa
1084 648 1169 691 fide
1202 648 1368 705 aliquid
1392 647 1634 705 praedicari
1655 661 1782 711 posse

367 719 636 776 negaverim,
683 719 719 762 si
767 719 943 777 quidem
989 724 1248 777 spectamus,
1301 732 1325 762 e
1358 719 1563 775 'singulis
1614 722 1783 775 tantum

365 789 706 846 perexiguisque
753 791 953 846 vestigiis
999 804 1131 847 saepe
1164 789 1217 833 de
1256 781 1524 845 singulorum
1556 794 1781 846 poetarum

364 865 453 903 tam
484 863 577 903 arte
609 862 783 917 poetica
829 861 1199 918 argumentisque,
1247 873 1375 917 quam
1405 859 1636 910 verborum
1656 860 1781 917 copia

364 927 624 987 dicendique
686 944 851 988 genere
906 931 1119 990 perdubia
1169 945 1247 974 nos
1299 931 1557 974 coniecturis
1609 932 1780 988 assequi
1842 935 1847 941 ’

364 1014 505 1057 posse.
568 1001 666 1045 H'oc
697 1016 802 1063 vero
833 1003 879 1045 in
911 1001 1091 1045 dubium
1122 1016 1209 1044 non
1239 1002 1485 1044 vocaverim
1516 1002 1587 1044 vel
1635 1003 1679 1045 in
1700 1002 1779 1049 hac

363 1075 603 1129 permagna
634 1074 893 1131 scriptorum
939 1073 1155 1130 exilitate,
1203 1073 1256 1116 de
1297 1072 1516 1133 aliquibus
1548 1072 1779 1116 adiectivis

364 1143 481 1185 haud
511 1141 686 1200 praeter
718 1157 891 1187 omnem
937 1144 1068 1187 fidem
1108 1143 1290 1187 iudicari
1320 1157 1463 1200 posse.
1527 1143 1778 1200 Singulares

363 1211 458 1255 dico
480 1213 776 1272 formationes,
799 1219 849 1257 ut
866 1214 1134 1270 ‘alti-’volus’,
1160 1207 1454 1269 ‘alti-rolans',
1484 1214 1777 1269 ‘alti-tonans',

363 1289 469 1339 quas
496 1284 557 1327 vab
588 1284 730 1328 Ennio
762 1290 945 1328 novatas
977 1291 1076 1328 esse·
1105 1282 1198 1337 veri
1221 1289 1288 1327 est
1310 1284 1592 1328 simillimum.
1636 1284 1777 1328 Idem-

364 1367 448 1410 que
481 1358 679 1398 constare
710 1356 819 1398 mihi
850 1355 1024 1398 videtur
1065 1355 1118 1398 de
1150 1354 1377 1398 adiectivis
1411 1354 1776 1411 ‘crispi-sulcans',

362 1424 728 1482 ‘fallaci-loquus',
760 1416 1078 1481 ‘suavi-sonus',
1124 1424 1493 1483 ‘suavi-loquens',
1532 1424 1776 1481 ‘tardi-gra-

361 1495 470 1538 dus'.
531 1496 688 1553 Neque
728 1497 836 1539 haec
881 1507 951 1539 res
1002 1502 1070 1539 est
1119 1495 1521 1553 praetermittenda,
1570 1487 1776 1539 Plautum

359 1581 464 1622 prae
513 1568 611 1609 aliis
648 1568 876 1623 permulta
923 1567 1140 1610 adiectiva
1194 1567 1403 1610 exetsntia
1448 1567 1493 1610 in
1540 1591 1593 1598 —
1642 1567 1774 1624 locus,

359 1638 430 1693 (-
475 1637 787 1694 loquentulus)‚
833 1663 885 1668 -
906 1636 1047 1684 dicus
1086 1637 1284 1705 (dicens),
1325 1651 1524 1680 novasse.
1592 1637 1774 1681 Illorum

357 1707 572 1763 undecim,
604 1708 756 1750 horum
791 1713 886 1752 octo
934 1715 959 1750 a
991 1705 1148 1781 Plauto
1186 1710 1374 1765 primum
1420 1713 1630 1765 usurpata
1676 1724 1773 1766 per—

357 1780 524 1836 scripsi.

444 1849 678 1893 Terentius
710 1865 764 1893 ne
812 1852 879 1893 his
901 1851 1095 1907 quidem
1142 1851 1353 1893 novandis
1390 1851 1590 1906 indulsit,
1639 1864 1787 1894 unumx
1833 1908 1836 1912 ἱ

357 1922 509 1964 ‘saevi-
513 1921 647 1967 dicus'
679 1923 761 1965 Ph.
795 1924 894 1978 213,
928 1922 982 1965 ab·
1015 1936 1065 1965 eo
1098 1922 1329 1965 formatum
1360 1921 1601 1979 putandum
1633 1926 1713 1966 est.

442 1991 511 2034 De
543 1991 715 2036 Lucilio
747 1993 938 2036 haesitat
967 1992 1189 2049 iudicium,
1233 1993 1403 2049 quando
1444 1992 1617 2049 quidem
1656 1993 1771 2048 frag-

354 2067 502 2105 menta
534 2067 781 2106 saturarum
815 2064 910 2106 eius
942 2064 1071 2107 nimis
1102 2068 1204 2106 sunt
1235 2064 1409 2119 exigua.

442 2133 598 2190 Neque
670 2133 822 2176 eodem
892 2134 1056 2189 studio,
1113 2126 1196 2190 quo
1267 2134 1452 2176 Plautus
1525 2132 1580 2175 ad
1638 2147 1770 2176 novas

353 2216 506 2246 vocum
553 2205 801 2246 huiusmodi
849 2205 1129 2247 formationes
1169 2204 1391 2246 ferebatur
1436 2204 1668 2262 Lucretius
1704 2209 1770 2247 est

353 2279 527 2331 raptus;
562 2276 724 2332 quippe
757 2276 958 2319 Sarsinas
991 2262 1044 2318 de
1075 2275 1363 2332 quadraginta
1385 2274 1523 2318 tribus
1544 2273 1773 2325 adieetivis

351 2343 599 2386 huiusmodi
648 2345 829 2399 triginta
876 2345 959 2386 tria
1007 2345 1195 2400 novavit,
1242 2357 1391 2387 verum
1437 2344 1667 2386 Lucretius
1713 2344 1767 2386 de
1833 2398 1837 2400 q

356 2413 657 2471 septendecim
690 2419 802 2458 octo.

438 2485 506 2527 De
549 2485 735 2540 singulis
777 2484 1034 2541 quibusdam
1075 2484 1301 2558 adiectivis
1338 2498 1466 2541 quam
1496 2485 1766 2547 paucissimis

351 2556 436 2598 iam
470 2555 694 2599 disseram.

438 2626 587 2689 Atque
621 2626 678 2671 de
715 2627 943 2670 adiectivis
978 2627 1255 2684 ‘beni-gnus',
1297 2617 1560 2683 ‘mali-gnus
1564 2661 1575 2683 ,
1616 2628 1765 2684 ‘caeci—
1813 2628 1817 2631 ⁴

355 2698 525 2754 genus’,
560 2699 875 2756 ‘primirgenus'
907 2698 1070 2756 videas,
1103 2692 1215 2756 quae
1245 2698 1328 2742 sub
1357 2698 1397 2742 B
1428 2700 1453 2753 ἓ
1487 2700 1506 2741 1
1538 2699 1699 2747 ιιιοιιιιί.

412 2848 419 2867 Ι
