1996 3071
323 330 442 373 ribus
479 326 690 384 imprimis
728 312 1052 368 ecclesiasticis.
1073 323 1189 366 haud
1229 336 1325 365 raro
1365 322 1438 365 vel
1469 319 1730 364 substantivi
1801 365 1804 368 ,

324 415 465 444 sensu·
485 400 778 454 usurparetur.
840 394 1005 438 Eadem
1036 395 1165 436 huius
1200 393 1401 436 vocabuli
1432 406 1512 436 nec
1541 407 1627 436 non
1656 393 1731 434 v'o-

323 472 385 514 cis
419 467 613 527 ‘pollens'
655 467 765 510 ratio
805 467 912 509 mihi
952 480 1047 509 esse
1087 466 1260 508 videtur
1300 479 1428 522 quam
1466 478 1620 507 vocum
1652 465 1733 507 ‘ree

324 541 453 597 cens',
486 537 807 597 ‘praegna(n)s',
841 537 1022 593 ‘libens'‚
1057 536 1252 592 ‘lubens',
1287 536 1544 592 ‘impotens’,
1581 536 1733 592 ‘impu-

324 612 458 667 dens',
492 602 739 667 ‘praesens',
774 608 971 664 ‘absens',
1004 608 1059 650 al.
1122 608 1219 657 Qua
1244 622 1289 650 re
1321 607 1438 650 haud
1468 612 1632 651 temere
1663 621 1733 650 me

324 683 480 725 fecisse
504 680 690 735 credam,
723 679 838 735 quod
868 679 1011 722 omnia
1033 679 1118 721 ista
1137 678 1364 734 vocabula,
1397 693 1579 734 quorum
1599 692 1734 722 mem-

324 753 450 800 brum
470 750 685 807 posterius
708 749 888 806 ‘potens'
920 763 1070 793 vocem
1097 749 1290 806 praebet,
1322 750 1368 792 in
1389 749 1501 793 hunc
1524 749 1734 793 ambitum

326 823 472 880 potius
504 819 720 877 adigenda
751 826 846 863 ess‘e
879 821 1040 863 censui.
1346 834 1353 839 ·

417 891 505 936 Sed
534 892 621 934 iam
652 890 823 947 singula
853 890 1091 934 videamus.

414 965 468 1008 In
516 956 739 1006 vocabulis
787 963 1112 1019 ‘caeli-potens',
1161 961 1496 1019 ‘sali-potens'‚¹)
1541 962 1734 1006 membro

293 1068 298 1073 .
325 1037 462 1094 priori
494 1035 669 1078 locativi
700 1035 970 1078 intellectum
1009 1049 1107 1077 cum
1137 1034 1272 1077 Besta
1302 1034 1510 1090 tribuam;
1544 1035 1735 1092 ‘sali‘po-

326 1107 436 1150 tens'
469 1107 604 1162 igitur
642 1105 872 1162 Neptunus
904 1106 1160 1162 appellatur,
1203 1105 1317 1162 quod
1352 1106 1397 1147 in
1436 1098 1544 1147 mari
1583 1109 1736 1162 potens

328 1182 415 1234 est,
450 1177 652 1233 Juppiter
675 1176 984 1233 ‘caeli-potens'
1009 1177 1111 1233 quia
1141 1177 1187 1218 in
1208 1176 1328 1219 caelo
1349 1180 1565 1233 potestate
1597 1177 1735 1218 floret.

418 1248 583 1292 Vocem
616 1245 938 1304 ‘viri-potens’2)
969 1247 1103 1292 Besta
1133 1261 1174 1304 p.
1207 1249 1262 1290 29
1294 1248 1355 1290 sic
1382 1247 1593 1304 explicat:
1628 1247 1736 1302 „Vi-

328 1319 449 1362 ribus
480 1319 649 1374 magnis
672 1319 951 1375 instructus&
1013 1318 1100 1363 Sed
1130 1322 1180 1360 ut
1212 1318 1521 1375 ‘armi-potens'
1554 1332 1651 1361 eam
1682 1318 1736 1359 ob

330 1391 544 1434 rationem
592 1393 717 1433 extra
764 1389 943 1433 dubium
988 1393 1167 1432 vocatur
1211 1389 1422 1446 Minerva,
1469 1390 1571 1447 quia
1607 1389 1737 1433 armis

329 1461 514 1504 multum
544 1460 676 1513 valet,
711 1461 812 1518 quia
844 1461 974 1504 armis
995 1461 1275 1518 multipotens
1308 1465 1386 1518 est,
1408 1475 1494 1504 non
1524 1460 1640 1519 quod
1671 1475 1737 1504 ar-

330 1534 413 1575 mis
446 1537 512 1575 est
534 1533 758 1587 instructa,
791 1536 840 1574 ut
872 1532 1163 1590 ‘igni-potens'
1196 1534 1352 1576 nome'n
1378 1533 1575 1576 Vulcano
1598 1532 1737 1589 datur,

331 1604 503 1646 omnino
536 1617 622 1646 non
662 1602 777 1660 quod
815 1604 916 1659 igne
957 1603 1093 1645 multo
1134 1608 1201 1646 est
1231 1604 1479 1660 instructus,
1518 1604 1633 1661 quod
1663 1604 1739 1646 ab-

333 1675 461 1716 surde
494 1674 655 1715 dictum
687 1674 812 1728 foret,
852 1687 1004 1715 verum
1035 1675 1137 1729 quia
1168 1675 1269 1729 igne
1301 1675 1485 1716 multum
1515 1675 1645 1729 valet,
1677 1675 1737 1715 sic

331 1744 614 1801 ‘viri—potens'
664 1759 764 1787 eum
810 1744 1054 1800 significare
1100 1744 1284 1800 credam,
1332 1745 1405 1805 qui
1443 1744 1607 1788 viribus
1648 1744 1736 1787 suis

330 1816 514 1857 multum
545 1816 693 1864 valet.
754 1814 900 1871 Atque
945 1815 1096 1857 eodem
1150 1829 1279 1858 sensu
1325 1816 1574 1873 accipienda
1606 1820 1737 1870 sunt,

256 1935 260 1941 Χ
331 1901 441 1943 quae
471 1887 519 1929 ‘in
548 1886 680 1930 Ennii
700 1885 942 1930 Annalibus
974 1886 1180 1942 leguntur
1212 1885 1580 1944 ‘belli-potens’,³)
1612 1886 1738 1943 ‘sapi-

332 1958 603 2014 entipotens'.
627 2010 629 2013 y

422 2029 625 2086 Denique
651 2029 704 2071 de
726 2029 934 2071 vocabulo
957 2028 1246 2084 decomposito
1270 2029 1738 2085 ‘turpilucri-cupidus',

333 2099 438 2155 quin
476 2099 684 2142 nonnulla
730 2113 928 2158 moneam
972 2100 1318 2156 praetermittere
1363 2113 1546 2156 nequeo.
1606 2099 1740 2142 Besta

334 2169 509 2226 quidem
540 2171 586 2213 in
617 2171 644 2213 1.
677 2185 712 2213 c.
746 2185 787 2227 p.
819 2173 888 2227 29,
926 2171 1006 2213 hoc
1037 2171 1294 2213 vocabulum
1332 2185 1430 2213 cum
1461 2171 1502 2213 ei
1533 2171 1740 2228 composi-

333 2244 474 2282 torum
506 2241 645 2284 ordini
688 2242 984 2299 subiungeret,
1027 2256 1138 2298 quae
1170 2242 1353 2284 aliorum
1392 2241 1740 2285 distributionem

407 2454 441 2496 1)
466 2451 520 2485 De
546 2452 783 2496 ‘sali-potens'
809 2452 892 2486 vide
916 2451 1018 2486 Neue
1043 2441 1296 2485 Formenlehre
1320 2462 1354 2495 p.
1381 2452 1459 2485 152.

405 2509 441 2556 2)
466 2510 566 2545 Haec
589 2521 662 2545 vox
693 2510 876 2555 antiquam
908 2510 1056 2555 stirpem
1087 2509 1180 2545 ‘visi’
1213 2520 1278 2544 seu
1302 2509 1393 2544 ‘viri’
1423 2519 1557 2543 meram
1582 2507 1742 2543 retinuit.

335 2568 380 2602 cf.
405 2569 447 2602 L.
471 2568 613 2613 Meyerz
630 2570 754 2615 Vergl.
774 2569 998 2604 Grammatik
1013 2568 1053 2603 II
1072 2571 1159 2612 1703
1185 2568 1354 2606 Kiihnerz
1371 2568 1599 2603 Lateinische
1616 2568 1741 2603 Gram-

334 2625 447 2660 matik
470 2626 489 2660 Ι
514 2628 559 2661 65
583 2638 613 2661 c.
638 2634 675 2673 γ.

406 2687 442 2731 3)
466 2686 593 2732 Longe
610 2687 765 2724 maxima
779 2698 863 2733 pars
881 2698 1005 2725 eorum
1026 2687 1316 2733 compositorum,
1341 2697 1495 2731 quorum
1509 2686 1609 2731 prius
1634 2696 1742 2722 mem-
