1996 3071
980 205 1037 249 38

344 320 365 366 ς
392 323 424 366 3.
474 320 663 361 Adiectura
686 322 832 367 quon·
856 322 957 368 prin·
980 322 1169 360 umbem
1194 313 1410 360 sueonum·
1431 322 1662 369 (navorum)

584 391 594 399 ’
763 381 875 427 sums
900 380 1057 442 verbalis
1081 383 1253 429 senemr.
1288 382 1293 394 ¹

389 453 500 496 Cum
532 453 619 495 iam
634 493 637 497 ,
650 453 706 496 ad
725 452 973 496 huiusmodi
995 449 1211 497 adiectiva
1231 454 1469 511 composita
1490 452 1715 514 tractanda

298 523 543 580 adgrediar,
583 538 636 567 ea
673 524 870 582 quaestio
915 537 1020 582 prae
1066 524 1165 568 aliis
1193 524 1399 581 occurrit,
1440 523 1544 582 quid
1575 523 1629 568 de
1660 523 1715 568 iis

301 595 550 653 compositis
601 595 658 637 sit
709 594 998 651 sentiendum,
1045 596 1090 637 in
1142 595 1298 652 quibus
1335 595 1454 651 prior
1499 608 1601 651 pars
1640 594 1727 652 ad-

238 685 242 689 ¹
298 666 447 709 iectivi
498 679 645 708 casum
706 665 924 722 quendam
984 660 1203 723 praebetf
1231 665 1389 722 quidve
1419 665 1495 709 'de
1545 666 1714 721 ceteris,

299 734 344 775 in
397 733 554 792 quibus
605 735 744 792 stirpi-
782 734 950 778 verbali
1002 735 1048 778 in
1099 735 1237 778 altera
1287 738 1410 792 parte
1462 733 1731 791 adverbium

298 804 516 861 quoddam
548 806 834 862 appositionis
865 807 913 847 vi‘
938 806 1156 848 tribuitur.
1215 806 1371 863 Neque
1397 806 1459 848 ita
1490 805 1617 863 facile
1648 809 1716 849 est

297 874 554 933 diiudicatu,
587 889 700 934 quae
732 864 948 920 adiectiva
980 877 1025 920 in
1056 876 1186 920 huius
1208 889 1318 933 quae
1340 876 1385 919 in
1407 873 1533 920 istius
1555 875 1736 933 ordi-nis(

297 945 508 988 ambitum
540 948 687 1004 potius
728 949 816 990 sint
855 947 1097 990 referenda.
1160 948 1228 989 De
1270 948 1453 1003 singulis
1486 938 1591 990 sane
1622 948 1715 1006 qui—

246 1064 249 1067 ,
298 1015 495 1073 busdam,
536 1021 586 1060 ut
635 1017 945 1073 ‘mero-bibus',
1005 1017 1319 1074 ‘multi-bibus'‚
1378 1014 1712 1075 ‘omni-parens'‚

247 1101 249 1105 ¹
295 1088 611 1143 ‘omni-tuens',
648 1088 915 1131 '‘veridicus'
976 1089 1046 1144 al„
1097 1089 1169 1132 vel
1225 1093 1375 1134 contra
1427 1087 1714 1144 ‘suavidicus',

297 1158 579 1216 ‘altitonans',
620 1152 879 1202 ‘altivolans’
913 1159 968 1202 al.
1006 1160 1082 1202 vix
1115 1160 1273 1218 aliquis
1306 1160 1507 1203 haesitet.
1548 1159 1745 1217 Verum,

297 1229 350 1272 de
399 1219 715 1273 adiectivorum
762 1231 891 1273 huius
938 1232 1111 1286 generis
1159 1231 1288 1286 longe
1325 1231 1489 1273 maiore
1534 1228 1712 1273 numero

295 1293 416 1343 certa
450 1300 703 1358 praedicare
741 1300 869 1346 valde
902 1315 1069 1346 vereor.
1132 1301 1258 1353 Quod
1289 1316 1385 1346 cum
1417 1301 1713 1358 extimescam,

296 1386 350 1414 ne
405 1373 605 1415 omnibus
660 1373 908 1416 huiusmodi
960 1373 1186 1424 adiectivis
1232 1373 1431 1416 bifariam
1472 1372 1713 1415 distributis

295 1456 495 1500 campum
526 1441 701 1501 pugnae
733 1444 911 1501 plenum
932 1443 1174 1500 ingrediar,
1205 1457 1291 1486 uno
1314 1448 1549 1501 conspectu
1569 1443 1713 1502 omnia

297 1528 349 1556 ea
380 1515 656 1572 complectar,
695 1515 833 1558 crucis
873 1515 985 1570 siglo
1024 1514 1220 1572 adposito
1265 1515 1331 1570 iis,
1374 1528 1556 1571 quorum
1593 1514 1713 1570 prius

296 1584 539 1629 membrum
570 1585 776 1631 adiectivi
807 1585 974 1629 vicibus
1005 1586 1149 1643 potius
1181 1585 1304 1642 fungi
1336 1585 1442 1629 mihi
1473 1584 1660 1629 videtur.

365 1656 422 1689 De
447 1656 563 1690 forma
586 1657 708 1689 tamen
733 1655 1013 1699 compositionis,
1038 1655 1070 1688 si
1093 1654 1312 1699 quaerimus,
1340 1654 1386 1688 de
1409 1657 1467 1690 sat
1491 1664 1621 1700 magno
1645 1664 1712 1687 nu-

294 1724 392 1749 mero
417 1713 678 1762 adiectivorum
704 1716 839 1750 certam
864 1713 1080 1750 sententiam
1108 1712 1313 1759 praedicare
1337 1715 1393 1750 est
1417 1711 1631 1759 verendum3
1671 1724 1713 1748 u-

294 1773 553 1824 niuscuiusque
589 1774 709 1818 potius
736 1772 883 1808 arbitrio
907 1772 1275 1818 tempermittendam
1299 1782 1380 1808 esse
1405 1783 1545 1808 censeo.
1593 1772 1649 1806 De
1674 1781 1711 1806 ι-

293 1832 453 1879 liquibus
478 1844 568 1869 sane
592 1832 792 1879 adiectivffi,
817 1834 860 1867 ut
884 1831 1050 1878 dulciter,
1075 1831 1264 1878 sollicitus,
1292 1830 1531 1878 omniparens,
1558 1829 1712 1866 omnitu-

294 1903 370 1937 ens,
394 1892 631 1938 primigenus,
657 1892 716 1927 vel
741 1891 937 1938 largifleus,
962 1891 1231 1936 versutiloquus
1263 1902 1294 1926 e.
1320 1903 1352 1926 a.
1378 1902 1451 1926 non
1475 1890 1712 1926 dubitandum

295 1961 376 1987 esse
399 1950 555 1986 videtur.
603 1950 682 1987 Ista
719 1949 857 1986 seilicet
892 1949 1088 1995 composita
1124 1949 1307 1997 regiminis
1340 1948 1588 1997 (tatpurus‘e),
1624 1948 1713 1984 haec

297 2021 455 2056 compos.
480 2010 757 2046 determinativa
786 2021 867 2046 esse
898 2009 1071 2054 arbitron-3
1107 2010 1260 2045 dulcifer
1290 2010 1386 2046 enim
1410 2011 1467 2046 est
1489 2010 1533 2055 is,
1569 2009 1630 2054 qui
1654 2019 1711 2045 res

295 2070 420 2115 dulces
446 2069 530 2114 sert,
554 2068 730 2104 sollicitus
754 2069 798 2114 is,
824 2069 886 2114 qui
911 2069 1033 2105 sollus·
1048 2068 1184 2117 (totus)
1210 2071 1266 2105 est
1290 2069 1397 2115 citus,
1421 2068 1644 2116 primigenus
1668 2068 1711 2106 io.

297 2131 360 2175 qui
384 2130 520 2176 primus
553 2129 753 2176 (princeps)
784 2133 840 2166 est
871 2130 1025 2177 genitus.
1075 2129 1144 2165 Sed
1168 2129 1200 2165 si
1223 2128 1439 2165 sententiam
1470 2129 1606 2164 certem
1628 2137 1712 2173 pro-

282 2190 464 2224 ¹nuutiare
489 2188 575 2224 mihi
599 2189 696 2233 lieet,
718 2189 880 2234 quinque
903 2188 984 2224 istis
1008 2188 1197 2223 adieetivis
1222 2187 1383 2232 exceptis
1408 2187 1528 2237 omnia
1551 2187 1622 2222 alia
1644 2186 1711 2221 hu·
1767 2209 1771 2212 -

298 2249 355 2283 ius
381 2247 524 2294 generis
546 2247 725 2293 adiectiya
749 2246 957 2293 compositis
982 2237 1344 2283 determinativis·
1361 2245 1600 2291 ascripserim.

382 2308 530 2364 Atque
561 2308 608 2350 in
637 2308 793 2364 tragie.
823 2311 869 2350 et
898 2308 1047 2351 comio.
1078 2307 1274 2364 reliquiis
1306 2306 1534 2366 leguntur:

291 2380 971 2437 alti-sonusEnn.t.82,1773Ann.561.
1031 2374 1315 2423 beness-volens
1345 2377 1458 2423 Eun.
1490 2381 1520 2421 t.
1556 2378 1622 2420 11.

290 2452 547 2495 alti-tonans
577 2451 690 2495 Enn.
722 2450 778 2494 A.
811 2451 910 2494 531.
1030 2449 1278 2494 beni-volus
1308 2449 1403 2493 Att.
1435 2449 1534 2493 650.

289 2525 541 2567 alti—volans
573 2524 686 2567 Eun.
717 2523 835 2566 Ann.
868 2525 937 2566 85.
1027 2520 1630 2579 crispi-sulcansexine.inc.t.
1641 2521 1710 2563 36.

286 2596 504 2651 benignus
546 2595 659 2637 Eun.
710 2595 826 2638 Ann.
866 2596 965 2649 460,
1028 2594 1317 2651 docti-loquus
1343 2591 1587 2635 Enn.Ann.
1611 2592 1709 2650 568.

347 2665 648 2724 Tit..49;Afr.
661 2665 851 2724 593Att.
868 2666 968 2709 282.
1026 2664 1232 2709 dulci—fer
1262 2663 1325 2723 -ᾗ-
1347 2663 1460 2712 Eun.
1490 2661 1608 2709 Anu.
1641 2663 1710 2706 71.
1752 2724 1757 2728 Ι
1815 2731 1818 2733 ¹
