1996 3071
915 207 966 248 31

175 338 195 356 ·
250 328 390 374 torum
423 310 621 382 singulae
659 328 807 382 partes
852 326 898 368 in
927 326 1236 382 compositione
1267 324 1456 368 ineunda
1487 326 1658 367 attenu-

251 398 439 440 arentur
473 401 603 454 atque
650 397 813 440 leniore
854 398 942 440 ictu
988 398 1218 454 conspicua
1254 401 1412 441 essent.
1474 396 1572 446 Qua
1611 396 1656 439 in

249 480 296 510 re
342 481 511 511 mecum
555 468 799 511 consentire
854 467 1151 526 Uhdolphium
1211 468 1344 527 (quod
1381 467 1555 526 quidem
1601 466 1656 512 ad

172 571 181 579 .
248 538 463 595 Posterius
494 539 734 583 membrum
765 540 940 596 attinet)
970 540 1122 583 laetor.
1186 541 1271 591 Qui
1301 541 1346 583 in
1377 540 1406 583 1.
1438 551 1475 582 ος
1507 554 1548 599 p.
1586 540 1652 594 11,

249 610 310 652 sic
341 610 532 654 disserit:
596 610 725 664 „Jam
755 611 988 659 videndum
1022 616 1088 654 est
1119 626 1202 669 qua
1239 612 1292 654 de
1334 625 1463 654 causa
1503 611 1655 665 lingua

196 684 199 686 ’
248 692 375 721 voces
421 678 645 734 eiusmodi,
698 680 848 736 quales
898 681 1095 736 proxime
1147 680 1355 737 descripsi
1401 681 1463 735 (ni
1509 683 1652 723 meme

248 754 349 792 sunt
387 750 658 792 substantiva
682 750 905 793 'abstracta
936 752 980 792 in
1013 752 1120 792 -ium
1153 751 1359 794 exeuntia
1389 755 1439 792 ut
1464 750 1653 794 -canium

248 820 569 874 (galli-oinium)
641 821 836 862 -statium
910 822 1179 876 (solstitium)
1237 822 1484 876 (iustitium)
1564 833 1651 862 -ca-

247 888 364 932 dium
396 889 699 946 (stillicidium)
732 894 821 933 tam
866 890 1054 934 libenter
1092 891 1401 949 composuerit3
1440 890 1560 933 leves
1602 903 1650 932 ac

246 975 385 1017 paene
416 962 601 1017 pusillae
634 966 735 1004 sunt
765 963 1104 1018 terminationes,
1137 964 1182 1004 in
1214 977 1320 1019 quas
1359 963 1436 1004 illa
1476 962 1650 1006 nomina

246 1022 471 1088 desinunt3
504 1047 560 1075 ex
582 1048 665 1089 quo
687 1034 930 1076 nominibus
951 1034 1045 1077 istis
1068 1034 1244 1076 exilitas
1267 1032 1479 1090 quaedam
1500 1032 1651 1075 existit

246 1118 295 1145 ac
327 1104 496 1159 levitas,
530 1118 640 1160 quae
672 1107 967 1161 compositioni
993 1106 1284 1147 instituendae
1306 1103 1649 1147 commodissima

245 1189 293 1217 ac
332 1176 742 1218 convenientissima
788 1182 866 1219 est.
929 1177 1192 1234 Cempositio
1240 1177 1355 1219 enim
1395 1175 1648 1232 neutiquam

243 1245 422 1287 nimium
452 1246 619 1302 pondus
637 1261 694 1289 ex
711 1261 763 1293 ea
778 1262 826 1290 re
843 1262 996 1305 capere
1028 1247 1186 1305 potest,
1219 1247 1333 1305 quod
1349 1248 1443 1304 ipsa
1470 1260 1527 1293 ex
1544 1245 1648 1288 duo·
1686 1289 1689 1291 ,

242 1314 323 1357 bus
345 1315 566 1359 vocabulis
589 1319 815 1374 conflatur3
836 1318 881 1361 id
902 1320 1072 1362 omnino
1093 1320 1243 1374 lingua
1264 1318 1442 1362 studuit.
1455 1319 1473 1345 ‘⁴
1495 1331 1533 1360 e.
1551 1331 1591 1373 q.
1614 1332 1647 1359 s.

326 1386 574 1428 aucti-ficus
605 1387 633 1429 i.
667 1401 704 1429 e.
738 1392 911 1430 auctum
942 1388 1104 1431 faciens
1126 1388 1181 1430 ad
1202 1388 1448 1444 analogiam
1469 1386 1647 1430 adiecti-

239 1469 391 1497 vorum
422 1456 666 1509 lucti-ficus,
700 1460 991 1515 flucti-vagus,
1023 1459 1310 1514 flucti-fragus
1338 1459 1393 1501 al.
1415 1459 1646 1501 formatum

223 1520 334 1568 'esse
367 1526 531 1583 opinor.

325 1597 393 1639 De
440 1598 664 1641 adiectivis
713 1601 897 1657 denique
943 1602 1309 1658 mendaciloquus,
1332 1601 1362 1655 ¹)
1394 1601 1645 1644 confidenti-

237 1667 411 1723 loquus,
436 1669 546 1710 nihil
577 1671 683 1712 certi
713 1673 983 1727 pronuntiari
1037 1686 1180 1728 posse·
1210 1672 1358 1727 credo;
1406 1685 1460 1714 ne
1498 1676 1645 1714 tamen

238 1751 291 1779 ea
322 1738 367 1779 in
399 1729 548 1782 ordine
579 1743 913 1797 compositorum
958 1744 1180 1799 regiminis
1212 1747 1494 1785 numerentur
1525 1744 1570 1797 (i.
1605 1757 1649 1785 e.

237 1822 418 1864 quorum
449 1811 569 1866 prius
601 1813 840 1870 membrum
862 1828 887 1856 a
908 1814 1146 1870 posteriore
1168 1814 1346 1870 pendet)
1368 1813 1482 1870 quod
1505 1813 1639 1856 Besta

237 1893 278 1934 p.
312 1880 363 1920 31
397 1881 504 1936 vult,
553 1882 813 1925 adiectiv‘um
846 1884 1259 1940 ‘confidentiloquus'
1293 1884 1469 1938 suadet3
1518 1885 1643 1926 cuius

192 1938 196 1942 ⁴
240 1962 392 1991 sensus
431 1951 603 1993 omnino
650 1967 736 1995 non
783 1967 876 1996 esse
925 1953 1198 1996 ‘confidentia
1240 1952 1336 2007 (Ac.
1370 1954 1530 2009 plural)
1576 1956 1638 1997 lo-

237 2019 385 2076 quens'
407 2020 484 2063 sed
506 2021 614 2064 ‘cum
637 2023 907 2080 confidentia,
930 2023 1192 2067 confidenter
1214 2024 1423 2081 loquens',
1447 2031 1641 2082 apparet.

297 2102 343 2144 Β.
390 2103 540 2156 Agitur
570 2104 624 2147 de
654 2106 701 2148 iis
731 2107 942 2150 adiectivis
973 2108 1241 2161 compositis,
1259 2119 1430 2162 quorum
1462 2110 1576 2163 prius

236 2170 462 2215 membrum
492 2173 737 2218 adiectivum
768 2176 973 2237 posterius
992 2174 1289 2219 substantivum
1312 2178 1374 2220 ve!
1395 2178 1638 2222 adiectivum

666 2293 669 2298 v
707 2247 769 2289 vel
802 2246 971 2289 verbum
1003 2249 1170 2302 excipit

280 2311 299 2354 ἓ
328 2313 358 2345 1.
406 2312 594 2349 Adiectiva
625 2316 832 2359 composita,
863 2324 1006 2360 quorum
1045 2318 1142 2360 prius
1168 2319 1351 2354 membrum
1375 2319 1590 2355 adiectivum

606 2373 785 2416 posterius
809 2375 1067 2422 substantivum
1094 2377 1264 2420 sequitur.

320 2429 388 2471 De
442 2434 510 2471 sat
558 2436 715 2487 magna
762 2434 885 2490 copia
934 2434 1243 2477 adiectivorum
1290 2438 1638 2495 compositorum,

236 2513 345 2555 quae
377 2500 422 2542 in
453 2500 564 2543 hunc
603 2503 813 2546 ambitum
849 2503 1086 2559 redigenda
1126 2520 1219 2549 esse
1267 2520 1479 2564 censeam,
1526 2510 1640 2551 inter

306 2607 340 2651 1)
365 2606 408 2641 In
432 2606 515 2641 edit.
540 2606 579 2641 II
603 2607 791 2643 Ritschelii
807 2610 864 2645 hic
882 2621 1007 2645 versus
1028 2611 1111 2658 (Tr.
1136 2595 1231 2658 200).
1255 2623 1337 2647 cum
1348 2613 1400 2648 nil
1412 2614 1482 2650 nisi
1506 2626 1639 2651 meram

234 2664 453 2711 insequentis
478 2666 786 2710 interpolationem
810 2670 991 2717 praebeat,
1016 2681 1038 2707 a
1062 2671 1191 2709 Plauto
1215 2671 1439 2712 abiudicatus
1465 2677 1532 2712 est,
