1996 3071
889 178 1004 225 ,45

360 297 560 353 Exiguus
590 296 726 350 igitur
756 300 901 339 exstat
935 307 1141 338 numerus
1181 296 1514 351 compositorum
1555 309 1680 338 voca-

272 366 637 411 bulorumhuius
667 364 797 422 modi,
829 367 968 409 maior
997 380 1114 423 vero,
1146 379 1275 423 quam
1306 369 1355 408 ut
1376 366 1456 409 hoc
1485 379 1624 423 genus
1655 380 1682 409 a

272 438 408 482 latina
443 439 594 493 lingua
636 451 776 494 aeque
815 452 865 479 ac
904 452 929 479 a
947 425 1188 480 ‘theodisca
1226 436 1513 481 abiudieetur.
1574 438 1679 479 Pos-

269 511 480 554 teriorum
510 509 703 557 aetatum
733 509 964 565 scriptores
995 508 1205 551 nonnulla
1236 508 1366 551 huius
1405 508 1522 551 modi
1552 522 1677 551 voca-

270 580 375 624 bula
396 583 563 624 novata
594 579 677 622 sibi
706 578 1001 635 indulserunt;
1034 593 1071 622 e.
1103 592 1147 634 g.
1173 578 1388 636 Apuleius
1418 579 1675 634 vomi-ficus,

248 650 575 709 *expergificus

195 732 197 734 ’
340 732 503 777 Demque
528 742 574 766 ex
597 731 653 776 iis,
677 741 770 776 quae
794 735 905 776 sup'ra
929 733 1014 766 sunt
1037 731 1221 776 disputata
1237 731 1325 766 satis
1349 731 1504 766 dilucide
1530 735 1679 776 apparet

271 792 341 828 duo
365 792 473 828 huius
497 790 639 838 generis
665 790 841 829 adiectiva
865 801 944 826 esse
970 790 1167 836 composita
1191 790 1372 836 regiminis
1399 791 1644 836 (tatpuru‘sa).

342 909 390 953 D.
422 908 570 966 Αςίίυι·
600 908 654 953 de
682 911 731 953 iis
759 907 970 954 adiectivis
1001 910 1259 965 compositis,
1289 921 1462 965 quorum
1497 910 1610 965 prior

272 993 365 1055 pars
401 969 640 1036 particulam
671 977 890 1036 quandam,
931 982 1137 1036 posterior
1173 980 1475 1025 substantivum
1511 982 1575 1025 vel
1605 980 1677 1023 nd-

623 1052 815 1095 iectivum
847 1051 911 1095 vel
941 1050 1109 1095 verbum
1142 1051 1327 1107 praebet.

358 1144 685 1194 Adiectivorum
715 1146 1048 1203 compositorum
1070 1146 1213 1187 omnia
1241 1158 1417 1201 genera,
1440 1134 1495 1188 de
1517 1145 1672 1202 quibus

272 1231 408 1275 usque
429 1202 512 1260 huo
535 1218 730 1275 quaestio
763 1221 829 1260 est
860 1217 1071 1273 instituta,
1104 1207 1294 1261 indolem
1316 1218 1438 1275 quasi
1459 1216 1675 1275 quandam

234 1278 244 1285 ’
271 1289 485 1347 poeticam
517 1287 858 1342 demonstrant3
884 1302 1065 1344 quorum
1096 1288 1197 1343 alia,
1228 1292 1406 1344 propter
1444 1286 1676 1330 commodi-

222 1409 226 1412 ·
272 1362 407 1403 tatem
438 1358 654 1418 quandam
684 1359 994 1416 levitatemque
1040 1359 1095 1402 ad
1125 1372 1328 1404 versuum
1348 1357 1676 1417 pangendorum

272 1431 418 1489 aliqua
438 1443 602 1487 genera
633 1435 819 1489 arrepta,
852 1435 1026 1474 assueta
1047 1429 1203 1473 deinde
1225 1434 1397 1474 retenta
1427 1434 1542 1488 sunt,
1573 1430 1675 1488 alia,

272 1516 382 1559 quae
398 1502 590 1545 *dictioni
623 1508 822 1546 omatum
841 1502 1069 1559 'quendam
1090 1502 1490 1559 sublimitatemque
1512 1502 1675 1546 tribue·
1731 1541 1735 1543 .

272 1576 385 1628 runt,
407 1572 707 1616 lubentissime
729 1587 755 1615 a
775 1574 919 1630 poetis
951 1574 996 1615 in
1016 1565 1143 1615 usum
1165 1577 1266 1615 sunt
1296 1576 1462 1615 vocata.
1523 1573 1624 1616 Non
1641 1574 1675 1615 i-

272 1643 369 1685 dem
400 1656 503 1686 vero
535 1643 803 1693 diversorum
833 1658 1043 1699 generum
1075 1645 1409 1699 compositorum
1440 1643 1675 1687 adiectivo-

272 1726 367 1754 rum
414 1713 603 1757 studium
653 1713 769 1772 apud
797 1702 964 1757 ⁸omnes
1009 1717 1161 1771 poetas
1202 1713 1351 1771 fuisse,
1399 1715 1444 1756 in
1488 1713 1674 1772 singulis

271 1776 555 1841 paragraphis
588 1791 655 1828 est
686 1785 1041 1828 demonstratum.
1103 1786 1188 1827 Pro
1228 1800 1304 1828 suo
1337 1787 1454 1828 enim
1493 1787 1674 1842 quisque

272 1853 446 1910 ingenio
467 1853 689 1898 vocabulis
711 1853 965 1898 innovandis
992 1867 1167 1912 operam
1188 1853 1321 1911 dedit,
1353 1858 1481 1911 prout
1511 1854 1673 1898 maiore
1744 1885 1746 1888 v

272 1925 367 1981 quis
391 1926 464 1967 vel
494 1927 660 1968 minore
692 1925 834 1967 studio
872 1939 1124 1982 graecorum
1156 1926 1456 1982 exemplorum
1486 1925 1675 1968 indolem

271 1995 464 2052 retinuit,
512 1995 696 2059 ideoque
743 1997 990 2053 compositis
1039 1996 1218 2040 Graecis
1275 1997 1413 2040 latina
1464 1996 1674 2040 vocabula

271 2070 422 2123 aptare
455 2072 627 2111 coactus
661 2072 739 2124 est,
787 2072 863 2110 aut
893 2067 947 2110 de
979 2082 1056 2111 suo
1089 2068 1265 2124 addens,
1303 2072 1352 2110 ut
1392 2068 1550 2125 populo
1582 2068 1676 2125 pla¹

271 2142 379 2194 ceat,
446 2139 621 2196 populi‘
657 2153 898 2182 sermonem
965 2140 1104 2196 magis
1174 2140 1372 2183 minusve
1447 2140 1674 2196 usurpavit

269 2208 420 2269 Aurea
452 2207 607 2252 deinde
634 2214 783 2270 *aetate
816 2209 1004 2266 fuerunt,
1038 2211 1125 2268 qui,
1157 2224 1254 2254 cum
1281 2202 1489 2254 seimonis
1519 2210 1696 2269 urbani*

269 2283 400 2335 atque
431 2280 618 2323 immixti
650 2282 775 2336 quasi
807 2281 1031 2324 cuiusdam
1061 2280 1297 2338 cupiditate
1328 2281 1559 2337 ferrentur,
1592 2282 1673 2323 hoc

270 2349 379 2391 illud
409 2352 742 2406 compositorum
773 2365 913 2407 genus
944 2352 1000 2394 ab
1032 2351 1387 2394 antecedentibus
1424 2353 1565 2407 poetis
1598 2366 1672 2407 po-

270 2419 492 2475 pularibus
523 2422 663 2477 magis
695 2425 950 2478 usurpatum
980 2422 1207 2465 reicerent.

358 2487 466 2531 Cum
525 2505 629 2534 vero
699 2493 784 2534 iam
846 2492 900 2534 ad
963 2486 1270 2536 adiectivorum
1340 2494 1673 2548 compositorum

272 2573 436 2616 genera
468 2561 694 2605 tritissima
731 2563 957 2607 tractanda
996 2565 1208 2621 accingar,
1246 2561 1592 2621 praemoneatur,
1628 2565 1672 2606 in

269 2632 335 2676 his
366 2632 615 2690 generibus,
652 2635 811 2693 quippe
859 2649 1040 2695 quorum
1085 2636 1129 2679 in
1178 2636 1369 2679 omnium
1397 2637 1670 2695 ·scriptorun1
