1996 3071
943 249 998 292 23

270 365 483 411 numerali
515 365 608 410 ‘ter'
640 365 712 409 vel
744 364 827 408 ‘tri'
859 364 1018 422 addito,
1044 365 1248 408 definitur
1268 339 1341 408 vel
1371 368 1676 431 commutatur;

203 477 209 484 .
270 439 375 481 item
422 439 468 481 in
528 451 634 480 voce
681 436 1033 493 ‘bisulci-lingua'
1088 436 1208 493 prius
1266 436 1520 492 membrum,
1563 435 1679 493 quod

271 514 336 554 est
368 508 599 564 ‘bisulcus',
632 511 804 550 totum
835 521 940 551 voce
974 507 1151 563 ‘lingua'
1185 507 1345 565 addita,
1378 506 1636 562 definitur.¹)

342 591 505 635 Denique
530 589 655 634 paucis
681 590 857 634 quaestio,
881 590 940 624 cui
962 590 1188 634 potissimum
1205 601 1224 624 e
1241 600 1306 624 sex
1329 589 1513 624 ordinibus
1538 601 1561 623 a
1584 590 1679 633 Bop-

270 650 323 685 cio
358 649 485 698 positis
523 648 700 685 adiectiva
740 648 847 684 huius
890 648 1031 695 generis
1068 648 1318 694 subiungenda
1359 648 1442 693 sint,
1478 648 1678 683 dirimatur.

270 700 406 748 Quarto
436 709 558 742 autem
595 706 710 756 ordini
734 707 852 741 omnia
882 707 989 742 huius
1007 707 1108 753 ‘modi
1139 707 1317 741 adiectiva
1339 707 1507 751 tribuam,
1533 709 1676 751 'compo-

268 768 338 802 sita
360 767 478 814 igitur¹
501 765 682 811 regiminis
715 765 948 812 (tatpurus'a)
980 777 1059 801 esse
1084 777 1128 801 ea
1152 766 1270 801 velim.
1319 765 1425 800 Prius
1448 776 1542 815 ¹sane
1566 776 1676 800 mem-

268 827 370 860 brum
396 816 676 869 compositorum
705 835 854 874 casuum
878 825 1103 860 diversorum
1127 825 1200 859 vim
1226 824 1397 868 sustinet3
1427 824 1465 857 in
1489 824 1675 858 vocabulis
1747 832 1754 838 ·

267 884 361 919 enim
387 883 613 928 bellipotens,
644 883 852 928 salipotens‚
884 884 1101 928 caelipotens
1132 883 1244 928 priori
1273 883 1368 927 parti
1395 882 1543 918 locativi
1571 882 1676 918 intel-

266 928 399 978 lectum
423 942 575 986 ascribo,
598 942 658 985 (cf.
682 943 844 977 naust'as
857 941 978 987 Bopp:
1003 942 1027 976 l.
1053 953 1083 978 c.
1108 953 1143 986 p.
1170 940 1266 987 471),
1291 941 1439 976 ablativi
1462 941 1599 976 seilicet
1622 941 1677 975 in-

225 1008 229 1011 '
266 1001 456 1036 strumenti
481 1012 626 1035 sensum
641 1001 679 1034 in
692 1001 876 1035 vocabulis
894 1000 1187 1045 sapientspotens,
1204 1000 1433 1044 armipotens,
1451 1000 1677 1044 vinipollens,

266 1060 463 1105 viripotens
500 1059 616 1094 video.
654 1059 695 1105 (f.
732 1059 915 1106 'gothicum
950 1059 1223 1094 handuvaurhts
1260 1059 1372 1103 Bopp.
1409 1059 1433 1092 l.
1459 1065 1488 1092 c.
1520 1069 1555 1103 p.
1580 1060 1674 1104 470).

266 1119 391 1164 Neque
417 1119 461 1154 de
486 1119 604 1163 priore
630 1119 728 1153 vocis
754 1118 1117 1164 ‘turpilucricupidus’
1141 1120 1244 1162 parte
1268 1117 1444 1152 dubitatio
1468 1120 1592 1153 restat.

377 1217 412 1282 ξ.
437 1236 472 1275 3.
520 1236 708 1280 Adiectiva
733 1237 942 1281 composita,
968 1237 1219 1280 compositione
1244 1236 1459 1273 substantivi
1485 1244 1563 1273 cum

776 1296 889 1339 stirne
914 1295 1048 1332 verbali
1074 1296 1164 1332 orta.

353 1378 487 1421 Haud
517 1378 768 1435 infrequens
791 1379 1123 1435 compositorum
1144 1379 1189 1420 in
1209 1378 1322 1420 hunc
1343 1377 1555 1420 ambitum
1576 1391 1673 1434 per-

265 1450 496 1491 tinentium
526 1462 731 1491 numerus
764 1452 921 1504 exstat,
955 1462 1190 1505 omnesque
1222 1449 1453 1504 scriptores
1484 1461 1562 1504 pro
1595 1461 1672 1490 suo

268 1510 450 1576 quisq'ue
484 1520 660 1576 ingenio
682 1520 843 1562 talibus
869 1520 1116 1576 compositis
1141 1518 1354 1575 fingendis
1386 1518 1672 1561 indulserunt.

263 1590 418 1647 Neque
450 1594 596 1632 tamen
636 1591 752 1646 apud
786 1604 933 1632 omnes
975 1590 1220 1646 scriptores-1,
1259 1593 1304 1631 et
1334 1593 1484 1645 poetas
1523 1594 1567 1631 et
1598 1590 1672 1645 qui

264 1661 405 1704 soluta
416 1661 565 1717 lingua
581 1665 775 1718 utuntur,
796 1660 911 1704 idem
927 1661 1080 1703 horum
1091 1660 1423 1717 compositorum
1440 1673 1559 1702 amor
1571 1674 1671 1703 con-

263 1732 456 1787 spicitur.
487 1732 751 1787 Praecipuos
772 1745 874 1774 vero
899 1731 1207 1773 vocabulorum
1227 1731 1354 1772 huius
1376 1731 1549 1786 generis
1572 1744 1671 1773 auc-

187 1851 190 1853 ,
262 1806 378 1862 tores
409 1803 481 1845 vel
511 1807 740 1846 novatores
763 1816 850 1858 eos,
883 1803 956 1859 qui
978 1802 1230 1864 hexametro
1253 1806 1448 1857 utuntur,
1481 1805 1670 1856 exstare,

207 1882 215 1887 “
264 1871 392 1914 facile
425 1873 669 1928 intelleges,
712 1873 761 1928 si,
809 1885 920 1928 quae
961 1872 1142 1928 quisque
1175 1872 1412 1927 novaverit,
1460 1871 1669 1913 conferes.

266 1943 469 1985 Omnium
502 1945 617 1986 enim
661 1943 971 1986 adiectivorum
1017 1943 1349 1998 compositorum
1381 1943 1510 1984 huius
1541 1941 1670 1996 modi,

266 2027 376 2070 quae
409 2015 454 2057 in
486 2015 745 2059 comicorum
776 2017 821 2057 et
853 2014 1124 2069 >tragicorum
1154 2013 1350 2070 reliquiis
1381 2013 1670 2070 reperiuntur,

266 2085 480 2127 maximus
513 2100 717 2128 numerus
749 2086 910 2141 legitur
931 2085 976 2126 in
1008 2084 1141 2127 Ennii
1172 2085 1383 2139 versibus,
1416 2085 1575 2140 quippe
1598 2084 1672 2140 qui

267 2153 513 2198 Annalibus
546 2155 778 2213 pingendis
809 2154 1031 2198 commoda
1063 2154 1292 2197 admodum
1325 2168 1376 2196 ea
1407 2158 1537 2211 atque
1570 2158 1673 2211 apta

266 2225 321 2267 ad
356 2227 626 2270 *hexametra
674 2227 905 2284 pangenda
950 2226 1227 2283 persenserit,
1277 2225 1443 2281 quique
1483 2225 1528 2266 in
1575 2225 1671 2266 aliis

267 2310 436 2353 quoque
459 2299 631 2355 scriptis
652 2312 770 2341 more
793 2297 990 2340 adamato
1017 2301 1166 2353 raptus
1199 2301 1279 2339 est.
1339 2296 1537 2341 Palmam
1568 2309 1671 2337 vero

261 2369 600 2431 ‘compositorum
631 2370 760 2412 huius
793 2368 955 2412 ordinis
981 2367 1282 2424 fingendorum
1312 2366 1541 2409 Lucretius
1574 2365 1670 2420 fert,

336 2577 372 2622 1)
397 2568 636 2612 schroederus
669 2589 792 2613 vocem
829 2578 1192 2624 ‘turpilucricupidus'
1228 2576 1265 2610 in
1289 2576 1411 2610 ordine
1445 2576 1672 2620 „immutato-

265 2636 376 2679 rum,“
405 2646 495 2679 quae
521 2637 739 2672 substantivi
764 2649 845 2672 cum
870 2638 1044 2672 adiectivo
1064 2635 1368 2683 conglutinatione
1385 2637 1464 2669 orta
1487 2638 1584 2680 sunt,
1607 2646 1671 2680 po-

266 2695 348 2740 suit,
375 2695 419 2729 cf.
444 2695 468 2729 l.
495 2706 524 2729 c.
550 2706 584 2740 p.
611 2698 690 2731 330.
769 2695 771 2697 ’
