1996 3071
917 233 973 277 15

244 352 482 408 composita
495 366 569 398 ,ex
601 352 902 394 coniunctione
932 351 1172 408 particulae
1192 351 1414 393 cuiusdam
1446 364 1542 393 cum
1576 351 1649 393 ad-

242 421 399 464 iectivo
430 421 635 478 profecta.
667 422 739 476 (cf.
771 435 807 464 c.
839 421 887 464 II
918 422 959 464 D
990 422 1014 476 ξ
1046 423 1105 476 2.)

329 491 598 535 Paucissima
628 491 814 548 denique
838 490 891 535 de
912 492 1135 549 particulis
1162 492 1361 536 addenda
1393 497 1511 548 sunt,
1544 507 1647 549 quo-

243 576 338 604 rum
369 563 413 605 iu
444 562 654 622 ambitum
691 561 746 604 ab
778 563 831 604 iis
868 563 1160 617 grammaticis
1198 566 1243 605 et
1278 562 1567 605 anterioribus
1604 568 1649 605 et

241 632 570 688 posterioribus,
603 633 676 689 qui
713 633 902 689 partium
939 634 1145 676 orationis
1181 633 1436 677 divisionem
1473 633 1647 676 institu-

239 708 377 758 erunt,
415 708 589 759 praeter
618 704 961 760 praepositiones
1001 708 1045 747 et
1075 704 1399 750 coniunctiones
1436 702 1643 747 adverbia

242 787 411 832 quoque
453 778 552 817 sunt
582 773 772 817 redacta.
836 774 1028 825 Quorum
1050 779 1187 818 artem
1212 779 1342 833 atque
1375 774 1647 832 disciplinam

242 848 303 887 in<
331 846 412 887 hac
459 846 603 901 opella
640 860 726 887 non
766 846 1058 902 arripiendam
1096 846 1229 889 fuisse
1266 846 1463 902 pluribus
1503 846 1646 888 verbis

241 916 477 975 explanare
510 916 770 975 supersedeo
779 916 823 972 ¹).

331 1081 585 1124 Indicentur
621 1082 707 1123 iam
740 1081 853 1141 libri,
892 1096 997 1137 quos
1034 1083 1078 1123 in
1108 1081 1222 1140 {locis
1254 1080 1444 1124 citandis<
1474 1085 1648 1124 secutus

171 1200 182 1209 ·
242 1166 349 1195 sum.
410 1152 522 1194 Usui
554 1156 694 1194 erant:

241 1221 552 1279 „Tragicorum
572 1220 867 1264 Romanorum
890 1220 1163 1277 fragmenta“
1197 1220 1264 1263 ed.
1288 1221 1339 1265 Ο.
1362 1220 1644 1264 Ribbeckius.

229 1340 231 1342 ,
381 1292 505 1349 Leip.
542 1293 665 1335 1871.

238 1363 538 1417 „Comicorum
569 1362 693 1405 Rom.
728 1363 883 1418 frgm.“
917 1362 1124 1405 eiusdem.

238 1433 491 1486 „Ennianae
523 1446 702 1488 poeseos
734 1431 976 1487 reliquiae“
1008 1431 1074 1473 ed.
1108 1431 1206 1474 Joh.
1241 1432 1480 1474 Vahlenus.
1520 1457 1522 1464 ι

236 1502 366 1545 Hunc
402 1515 505 1544 vero
524 1530 526 1532 >
546 1501 703 1544 librum
749 1502 803 1544 ad
831 1501 945 1544 Enni
989 1500 1210 1544 ‘Annales'
1243 1506 1410 1543 tantum
1441 1514 1641 1558 perscru-

237 1572 388 1615 tandos
422 1572 612 1615 adhibui.

237 1643 411 1697 „Plauti
449 1643 726 1685 comoediae“
765 1643 831 1685 ed.
865 1641 953 1684 Alf.
990 1642 1317 1698 Fleckeisenus,
1350 1643 1640 1699 complectens

375 1712 522 1755 decem
556 1712 743 1755 fabulas:
775 1711 1151 1769 Amphitruonem,
1190 1712 1409 1770 Captivos,
1447 1712 1642 1756 Militem

375 1783 562 1839 glorios,
592 1782 856 1838 Rudentem,
890 1782 1202 1838 Trinummum,
1234 1782 1496 1838 Asinariam,
1529 1783 1643 1826 Bac-

376 1853 536 1909 chides,
571 1853 887 1908 Curculionem,
919 1852 1201 1908 Pseudulum,
1237 1853 1445 1895 Stichum.

236 1924 477 1967 Trinummi
508 1928 737 1981 praeterea
770 1923 924 1966 editio:
957 1923 1114 1966 Brixii.
1146 1923 1296 1980 Leipz.
1333 1924 1458 1967 1879.

323 1995 375 2036 In
405 2008 532 2037 usum
561 1995 713 2037 vocavi
743 1998 972 2050 praeterea
1194 2046 1196 2048 ,

236 2064 484 2107 Bitschelii:
524 2064 589 2107 ed.
631 2064 653 2106 I
684 2064 996 2106 Mostellariam
1028 2089 1082 2095 —-
1116 2065 1294 2107 Persam
1327 2089 1380 2096 ——-
1412 2064 1642 2107 Menaech-

376 2143 480 2178 most
543 2193 547 2196 Δ

425 2257 432 2269 ¹
524 2205 590 2249 ed.
624 2205 671 2249 II
702 2204 976 2249 Aululariam
1011 2232 1063 2237 —
1098 2206 1408 2250 Truculentum
1441 2232 1494 2237 -
1527 2205 1642 2250 Mer-

376 2281 577 2319 catorem.

236 2342 480 2405 Spengelii:
515 2347 835 2390 Truculentum.

235 2416 469 2473 Wagneri:
502 2416 788 2460 Aululariam.

310 2264 329 2275 s

310 2630 343 2672 1)
370 2630 489 2663 Adeas
516 2630 556 2663 L.
589 2630 795 2664 Solu-cederi
821 2631 844 2663 l.
869 2641 911 2673 0.,
937 2630 998 2673 qui
1022 2631 1243 2664 diversorum
1270 2631 1425 2664 virorum
1458 2630 1639 2665 doc-torum

235 2687 430 2724 sententias
455 2687 499 2722 de
524 2688 590 2722 hac
615 2698 651 2721 ro
676 2687 826 2723 contulit
850 2698 884 2735 p.
910 2690 954 2722 35
979 2699 1029 2726 ss,
