1996 3071
917 205 923 209 '
993 200 1048 245 14

312 321 432 374 „Das
472 320 757 377 Partieipium
797 320 855 361 ist
884 318 953 361 die
993 319 1290 374 vei-jungendo
1332 316 1487 372 Quelle
1527 318 1597 361 fiir
1627 317 1718 361 Ad-

310 391 516 433 iectivum
548 391 637 433 und
670 390 1012 433 Substantivum.
1039 382 1046 393 χ
1074 389 1294 432 Zunachst
1324 390 1382 433 ist
1414 389 1613 433 dasselbe
1644 389 1720 431 ad-

307 461 495 516 jectiver
523 460 688 517 Natur3
722 474 768 503 es
799 459 907 502 wird
937 460 1041 504 aber
1061 460 1164 503 bald
1195 474 1293 502 zum
1316 459 1609 517 eigentlichen
1629 458 1719 503 Ad-

305 532 457 587 Jectiv,
505 532 652 575 indem
693 546 739 574 es
782 520 855 573 die
887 530 1126 573 Rection
1173 530 1266 573 des
1307 531 1457 574 Verb
1498 529 1723 586 aufgibt

309 602 418 644 und
448 602 614 644 dafiir
644 602 732 644 die
765 601 1159 658 Comparation
1191 602 1469 644 annimmt.
1529 604 1533 607 ’

398 673 577 715 Dixerit
617 686 721 714 sane
755 672 911 728 aliquis
943 672 1264 728 comparatione
1306 671 1479 729 quidem
1506 686 1603 714 non
1635 675 1723 715 tam

309 746 429 785 certa
460 741 545 785 fide
577 742 631 785 de
654 740 868 784 adiectivo
892 741 1075 783 alicuius
1106 741 1223 784 vocis
1245 741 1390 784 indole
1413 741 1592 785 indicari
1624 755 1721 800 pos-

308 828 369 869 se,
402 827 499 855 cum
520 814 703 855 Plautus
734 826 949 855 merorum
971 813 1297 869 participiorum
1319 818 1364 856 et
1384 815 1728 873 comperativumv

310 889 355 927 et
396 885 709 942 superlativum
756 883 903 941 (idque
944 883 1059 926 haud
1109 884 1170 926 ita
1211 884 1326 940 raro)
1374 884 1562 928 finxerit.
1634 884 1722 928 Ve-

309 970 403 999 rum
436 956 515 997 hac
548 969 595 997 re
636 956 812 996 minime
844 956 997 996 haeret
1036 955 1256 1010 iudicium,
1295 968 1393 996 cum
1418 955 1627 997 Plautum
1660 956 1721 997 io-

309 1025 436 1069 candi
472 1026 645 1083 saepius
686 1024 1024 1082 ludificandique
1066 1038 1197 1068 causa
1229 1029 1273 1067 et
1303 1025 1525 1074 vocabulis
1562 1025 1720 1069 talibus

309 1095 518 1138 novandis
551 1095 797 1150 indulsisse,
836 1096 1030 1151 qualium
1050 1089 1263 1151 'exempla
1295 1095 1413 1152 apud
1443 1096 1611 1138 nullum
1642 1096 1720 1138 ali-

311 1180 386 1209 um
431 1168 684 1224 scriptorem
731 1171 920 1222 exstant,
969 1171 1013 1209 et
1052 1167 1361 1209 vocabulorum
1410 1167 1721 1210 tralaticiorum

314 1239 436 1280 novis
468 1238 617 1281 formis
638 1238 832 1293 linguam
856 1239 1030 1290 auxisse
1063 1239 1176 1281 inter
1206 1252 1354 1281 omnes
1392 1242 1583 1295 eonstet3
1613 1238 1720 1281 adeo

304 1309 420 1351 enim
453 1309 628 1364 ingenio
651 1323 728 1350 suo
750 1308 1025 1365 praefervido
1058 1314 1124 1351 est
1154 1302 1317 1366 raptus,
1350 1314 1399 1351 ut
1423 1310 1494 1352 vel
1516 1310 1713 1352 substan·
1751 1314 1752 1317 ’

303 1379 491 1420 tivorum
523 1379 868 1434 comparationes
901 1378 1106 1420 adhibere
1140 1392 1225 1420 non
1256 1378 1487 1421 dubitaret.
1549 1379 1714 1422 Verum
1784 1376 1787 1379 ’

303 1447 463 1490 addere
495 1449 648 1504 opinor
670 1448 785 1502 licet,
819 1448 1082 1490 diiudicandi
1115 1448 1168 1490 de
1191 1449 1351 1491 talibus
1383 1449 1608 1492 adiectivis
1635 1450 1712 1491 du-

304 1518 388 1561 biis
419 1532 595 1561 oausam
627 1517 920 1561 adverbialem
954 1532 1124 1575 quoque
1150 1532 1298 1561 eorum
1330 1533 1456 1562 usum
1487 1519 1711 1576 praebere.

389 1589 639 1633 Destitutus
660 1603 764 1631 vero
797 1589 964 1631 duabus
987 1590 1081 1632 istis
1113 1589 1428 1632 distributionis
1460 1591 1712 1646 rationibus⁷

302 1660 553 1702 interiorem
596 1661 719 1716 quasi
762 1659 978 1716 quandam
1019 1659 1304 1715 cognoscendi
1347 1665 1494 1703 notam
1531 1660 1618 1703 adii
1656 1654 1711 1703 si-

300 1731 625 1786 gnificationem
656 1730 926 1773 diversorum
960 1730 1143 1785 singulis
1169 1731 1281 1774 ,loeis
1313 1730 1637 1786 adiectivorum,
1663 1721 1712 1773 ut

301 1801 355 1843 de
387 1799 604 1844 adiectiva
634 1801 707 1843 vel
747 1801 1011 1857 participiali
1043 1801 1226 1844 alicuius
1266 1802 1467 1844 vocabuli
1504 1803 1548 1844 vi
1579 1807 1709 1858 atque

298 1871 445 1914 indole
478 1872 743 1915 instituerer.
806 1872 1093 1928 Participium
1115 1872 1295 1928 scilicet,
1340 1872 1454 1928 quod
1489 1872 1710 1914 verbalem

298 1944 385 1985 vim
416 1944 607 1986 maxime
638 1944 832 1999 retinuit,
864 1957 969 2000 prae
1009 1943 1222 1986 adiectivo
1262 1949 1406 1995 actum
1445 1944 1709 1999 singularem

298 2013 461 2056 indicat
482 2013 797 2070 imperfectum,
824 2027 909 2055 non
931 2018 1092 2056 statum
1115 2013 1329 2070 quendam
1352 2014 1596 2056 absolutum
1618 2014 1708 2057 ide-

298 2099 409 2141 oque
433 2085 557 2141 quasi
578 2085 841 2127 continuum.
891 2084 1013 2134 Quod
1032 2085 1264 2141 praecipue
1281 2084 1602 2141 respiciendum·
1617 2091 1709 2139 erat

297 2156 342 2197 in
373 2155 425 2197 iis
449 2154 672 2198 vocabulis
698 2154 1032 2211 conscribendis,
1056 2169 1166 2212 quae
1190 2155 1388 2198 derivata
1419 2169 1518 2201 cum
1547 2157 1633 2199 sint
1654 2156 1706 2199 de

296 2225 447 2268 verbis
474 2227 724 2282 compositis
757 2227 998 2282 participia,
1032 2220 1342 2268 adiectivorum
1365 2227 1589 2282 paulatum
1619 2229 1707 2269 vim

295 2301 428 2353 atque
460 2296 651 2340 indolem
682 2295 930 2339 induerunt.
992 2296 1046 2339 In
1078 2297 1220 2346 animo
1253 2300 1321 2340 est
1359 2296 1496 2339 omnis
1529 2297 1705 2341 adiecti—

294 2381 447 2409 vorum
467 2367 807 2424 participialium
827 2380 1065 2424 permagna
1086 2369 1223 2424 copia,
1256 2381 1368 2424 quae
1400 2372 1605 2423 congesta
1625 2369 1705 2411 sub

296 2438 380 2481 litt.
412 2439 454 2481 D
486 2440 510 2492 ξ
542 2440 567 2481 3
600 2439 810 2483 invenies.
872 2438 1006 2481 Haud
1038 2427 1216 2482 dubium
1248 2438 1341 2482 fere
1373 2443 1467 2482 erat
1497 2424 1704 2483 iudicium

296 2509 351 2552 de
382 2510 434 2553 iis
482 2509 681 2553 omnibus
713 2509 951 2567 adiectivis,
999 2524 1180 2568 quorum
1211 2510 1350 2554 altera
1396 2524 1495 2567 pars
1527 2510 1704 2555 adiecti-

295 2595 398 2625 vum
430 2582 702 2641 participiale
734 2586 891 2627 exstat.
954 2582 1101 2642 Atque
1123 2583 1357 2641 praeci-pue
1382 2582 1463 2624 huc
1484 2585 1704 2643 pertinent
