1996 3071
881 194 934 239 51

204 327 460 372 cuamesse,
482 317 530 357 ut
560 311 625 356 illi
652 311 873 367 vocabulis
902 312 1150 370 compositis
1186 309 1441 370 quibusdam
1463 311 1613 357 luben-

204 387 370 430 tissime
400 379 640 438 uterentur,
657 398 659 400 ·
679 383 725 425 hi
764 383 973 426 vocabula
1014 384 1226 440 simplicia
1268 378 1365 427 loco
1401 385 1612 440 composi-

204 463 345 510 torum
376 456 528 501 eodem
559 454 659 499 fere·
684 468 813 499 sensu
844 455 1036 512 arripere
1068 454 1261 498 mallent.
1302 454 1456 512 Neque
1489 455 1612 512 parvi

203 529 411 572 momenti
441 528 552 570 hanc
582 540 675 569 rem
716 527 959 582 putaverim
990 531 1039 568 ut
1088 526 1355 574 diversorum
1386 532 1612 583 poetarum

203 599 426 656 ingenium
456 596 709 656 indolesque
741 600 1033 652 cognoscatur,
1071 595 1254 654 ideoque
1296 611 1382 639 non
1413 597 1612 640 inutilem

204 670 399 726 eandem,
432 681 543 724 quae
575 667 630 708 ad
675 671 822 710 textus
863 667 953 723 (qui
985 668 1180 721 vocatur)
1226 666 1282 709 ad
1313 667 1434 709 codd.
1480 666 1611 710 fidem

203 740 544 798 scriptorumque
603 737 891 794 proprietates
953 736 1259 794 restituendas
1329 735 1617 793 adhibeatur-3,

203 813 330 866 huius
351 810 425 854 'rei
457 808 570 851 infra
611 809 858 866 exemplum
898 810 1109 852 invenies.
1171 808 1318 865 Atque
1366 823 1469 865 prae
1513 810 1612 852 aliis

203 870 514 925 adiectivorum
547 880 878 936 compositorum
909 879 1144 935 generibus
1175 880 1219 922 in
1242 880 1322 922 hoc
1343 880 1610 936 singulorum

202 957 427 1009 poetarum
481 952 601 993 varia
659 952 837 1006 ingenia
887 955 1214 1008 cognoscuntur.
1291 951 1449 1011 Omnia
1494 952 1611 993 enim

204 1023 451 1080 composita,
483 1035 663 1079 quorum
695 1022 812 1079 prior
838 1011 938 1080 pars
961 1021 1355 1079 praepositionibus
1377 1035 1456 1079 per
1479 1046 1533 1053 -
1556 1021 1611 1066 ad

204 1086 256 1125 —4
275 1094 354 1137 sub
372 1091 629 1148 continetur,
647 1107 732 1136 non
750 1107 774 1136 e
790 1094 1057 1149 proprietate
1080 1093 1264 1150 quadam
1285 1092 1505 1150 popularis
1522 1108 1610 1136 ser-

195 1165 354 1219 monis,
387 1178 546 1209 verum
563 1179 587 1207 e
611 1157 878 1219 singulorum
900 1169 1129 1220 poetarum
1147 1165 1323 1219 ingenio
1350 1153 1608 1221 profluxisse

202 1248 458 1291 persuasum
489 1234 644 1277 habeo.
691 1234 789 1277 Hoc
821 1235 935 1277 onim
966 1235 1121 1291 posito,
1144 1235 1310 1284 ratione
1332 1236 1437 1278 ratis
1459 1240 1611 1291 aperta

203 1306 358 1361 elucet,
391 1294 466 1347 cur
498 1306 611 1348 inter
642 1306 873 1362 scriptores
913 1305 1119 1359 diversos,
1156 1309 1309 1361 poetas
1348 1310 1479 1361 certe,
1517 1307 1609 1359 (ne-

205 1369 290 1431 que
323 1377 580 1431 scriptorum
613 1377 901 1431 prosariorum
934 1377 1064 1418 aliam
1097 1389 1190 1419 esse
1223 1377 1433 1418 rationem
1474 1373 1610 1418 credi-

203 1445 359 1500 det-im)
392 1449 480 1488 tam
512 1446 679 1503 varium
710 1445 900 1489 studium
939 1446 1091 1488 talium
1132 1447 1462 1502 compositorum
1503 1447 1609 1488 arri-

201 1516 458 1573 piendorum
492 1522 787 1573 cognoscatur.
819 1518 887 1560 Ne
920 1531 1022 1560 vero
1055 1518 1241 1560 sermoni
1274 1517 1473 1574 pop'ulari
1504 1517 1610 1561 talia
1638 1544 1647 1553 ν

204 1588 441 1645 composita
487 1588 752 1632 ascribamus
792 1589 954 1631 multae
1001 1601 1070 1631 res
1100 1588 1308 1631 clamant:
1355 1588 1515 1631 clamat
1545 1587 1608 1630 di-

201 1660 448 1701 versissima
479 1660 631 1702 talium
653 1655 986 1717 compositorum
1007 1654 1315 1702 adiectivorum
1340 1661 1463 1717 copia
1494 1660 1608 1716 apud

201 1742 275 1772 eos
306 1734 470 1787 poetas,
508 1731 581 1787 qui
618 1744 698 1774 nec
729 1734 1080 1787 argumentorum
1119 1731 1332 1773 varietate
1370 1744 1450 1774 nec
1472 1746 1476 1749 ·
1498 1734 1606 1773 tem-

200 1814 350 1855 porum
381 1801 509 1844 nimis
539 1799 698 1858 magna
729 1801 981 1844 diversitate
1015 1800 1332 1857 disiunguntur,
1364 1801 1518 1843 suadet
1554 1815 1606 1843 ea

201 1860 284 1925 res,
325 1871 438 1928 quod
482 1871 600 1915 haud
645 1886 783 1928 pauca
829 1872 980 1915 horum
1026 1873 1359 1929 compositorum
1405 1871 1606 1928 exempla

202 1946 302 1985 sunt
321 1937 441 1999 ἅπαξ
462 1944 675 2003 εἰρημένα,
706 1936 897 2001 postulat
927 1943 971 1986 id
1002 1957 1185 2001 quoque,
1217 1942 1333 2001 quod
1362 1942 1479 1986 haud
1509 1956 1606 2000 par-

202 2026 280 2057 vus
313 2028 463 2058 eorum
493 2030 697 2059 numerus
729 2016 844 2073 apud
876 2030 974 2059 eum
1004 2019 1157 2072 postea
1187 2016 1439 2071 scriptorem
1460 2028 1604 2058 occur-

201 2085 271 2141 rit,
309 2087 381 2142 qui
414 2080 552 2131 omnis
591 2088 822 2131 latinitatis
868 2087 1064 2141 urbanae
1109 2087 1299 2144 palmam
1344 2086 1441 2142 fert,
1490 2084 1605 2143 apud

133 2205 139 2211 ῃ
203 2155 470 2201 Ciceronem.
532 2157 832 2205 Variavarios
864 2163 1014 2215 poetas
1036 2158 1230 2201 lubidine
1262 2158 1320 2206 ad
1347 2158 1453 2200 talia
1491 2171 1605 2200 com·

201 2227 344 2281 posita
374 2228 578 2285 fingenda
610 2221 705 2284 esse
737 2234 883 2286 raptos
915 2244 939 2272 e
970 2234 1178 2286 congestu
1210 2230 1357 2273 eorum
1383 2229 1605 2285 supposito

203 2295 404 2353 elucebit,
444 2301 696 2359 monuitque
727 2301 814 2343 iam
845 2300 1107 2357 Spengelius
1150 2300 1206 2342 ad
1247 2299 1384 2343 Andr.
1429 2312 1471 2341 v.
1519 2300 1605 2342 265

203 2380 353 2411 eorum
380 2372 729 2429 compositorum,
761 2385 942 2429 quorum
972 2372 1090 2429 prior
1135 2385 1234 2429 pars
1285 2371 1604 2429 praepositione

183 2438 322 2495 “per',
356 2445 514 2497 exstat,
548 2442 800 2487 Terentium
833 2457 928 2487 esse
958 2453 1246 2499 permagnum
1276 2440 1526 2486 amatorem.

286 2519 517 2566 Adiectiva
576 2525 811 2581 composita
869 2524 997 2567 huius
1058 2523 1171 2566 modi
1229 2516 1349 2579 ἅπαξ
1407 2523 1608 2581 εἰρημένα

199 2595 297 2650 sunt
306 2596 323 2634 :‘
