1996 3071
975 224 1037 267 10

294 343 509 385 mutatum
537 341 862 398 suffixoaliquo
885 334 1094 398 adposito,
1127 341 1200 384 vel
1219 327 1531 398 immutatum¹)
1547 344 1570 386 I
1600 358 1713 386 com·

294 411 438 468 posita
469 410 697 452 immutata
728 409 776 452 II
808 410 1044 467 composita
1077 413 1244 452 mutata
1277 410 1500 468 disiungit.

386 481 484 530 Qua
531 494 588 523 ex
629 479 933 523 distributione
976 479 1134 536 elucet,
1177 480 1492 525 Schroederum
1532 482 1712 525 formam

296 552 440 608 magis
474 565 607 608 quam
639 551 828 594 rationes
865 550 1173 593 vocabulorum
1204 553 1537 608 compositorum
1568 567 1714 611 respe-

295 624 429 665 xisse.
489 621 645 679 Neque
693 625 846 664 tamen
889 621 1175 664 distribuendi
1221 624 1458 679 composita
1504 623 1715 665 vocabula

296 692 659 748 fundamentum‚-
681 691 795 749 quod
828 690 1121 735 Schroederus
1154 693 1396 749 quaestioni
1428 707 1533 736 suae
1563 694 1714 751 poscit,

297 764 386 805 tale
419 768 500 818 est,
533 767 583 805 ut
612 763 693 804 hac
725 775 896 818 quoque
929 762 973 803 in
1001 762 1149 818 opella
1180 776 1277 804 cum
1308 763 1499 805 utilitate
1531 764 1716 820 quadam

299 839 432 892 atque
463 833 775 891 perspicuitate
807 833 1055 876 necessaria
1087 831 1356 876 adhibeatur.

386 905 441 946 In
472 905 723 946 universum
754 903 798 944 id
820 905 907 945 iam
937 916 1150 958 moneam,
1185 903 1354 959 quando
1388 904 1561 960 quidem
1592 919 1715 961 prae-

297 977 524 1032 cipuorum
545 973 834 1017 distribuendi
864 973 1077 1017 voeabula
1105 975 1341 1031 composita
1362 989 1586 1031 generum,
1613 976 1718 1019 licet

297 1033 671 1103 paucissimorum,
703 1045 969 1087 mentionem
993 1044 1093 1101 feci,
1136 1043 1180 1086 id
1211 1048 1362 1109 aperte
1391 1059 1601 1102 apparere
1637 1046 1716 1087 mi-

298 1118 343 1159 hi
376 1116 531 1172 videri,
565 1130 620 1159 ne
652 1130 785 1158 unum
809 1112 984 1173 quide'm
1015 1130 1071 1159 ex
1103 1116 1426 1176 omnibus-istis
1458 1117 1717 1161 distribuen-

300 1187 343 1229 di
392 1186 629 1243 generibus
675 1187 781 1229 satis
829 1182 979 1244 aptum
1011 1201 1120 1243 esse,
1169 1187 1280 1244 quod
1329 1174 1429 1230 huic
1475 1188 1717 1245 quaestioni

299 1257 631 1300 fundamentum
670 1258 794 1314 quasi
832 1262 1125 1314 supponatur3·
1164 1259 1291 1300 nimis
1332 1259 1563 1301 artificiosa
1602 1260 1716 1301 enim

299 1329 445 1372 omnia
478 1342 531 1371 ea
571 1328 787 1385 videntur,
829 1343 958 1386 quam
989 1333 1039 1371 ut
1076 1329 1215 1386 primo
1248 1329 1395 1372 statim
1427 1329 1581 1372 obtutu
1613 1330 1717 1372 satis

299 1399 489 1442 dilucide
535 1400 844 1456 distinguatur,
886 1401 956 1443 cui
993 1414 1094 1443 nam
1132 1400 1271 1443 ordini
1312 1400 1572 1443 adiectivum
1604 1414 1717 1442 com-

287 1472 504 1528 ¹positum,
548 1471 662 1528 quod
703 1471 791 1514 fors
830 1470 927 1527 fert,
971 1472 1027 1514 sit
1064 1470 1356 1514 tribuendum.
1424 1471 1718 1529 Perspicuita-

302 1546 392 1583 tem
430 1555 533 1583 vero
573 1546 675 1584 ante
708 1542 852 1584 omnia
890 1542 971 1583 hac
1002 1543 1047 1583 in
1079 1542 1222 1598 opella
1262 1542 1438 1583 minime
1471 1540 1717 1583 desideran-

300 1611 401 1655 dam
449 1626 546 1655 esse
594 1626 763 1668 censeo,
815 1617 864 1655 ut
916 1626 972 1655 ex
1024 1611 1335 1655 adiectivorum
1386 1612 1717 1668 compositorum

299 1686 514 1739 congestu
555 1682 770 1725 laborioso
809 1696 895 1724 non
926 1687 1015 1724 tam
1053 1681 1272 1725 incondita
1311 1681 1613 1739 indigestaque
1644 1694 1717 1722 vo-

271 1752 554 1795 cabulorum
596 1753 733 1795 moles
781 1752 950 1808 evadat,
999 1766 1127 1809 quam
1174 1757 1223 1796 ut
1270 1751 1573 1794 distributione
1614 1752 1717 1794 satis

374 1968 391 1999 1
403 1984 413 2009 Ι
438 1964 554 2005 Quam
575 1964 769 1999 artificiosa
800 1965 847 1999 sit
879 1964 1085 2000 distributio
1111 1967 1135 1999 α’
1165 1964 1385 2000 Schroedero
1416 1965 1583 2009 instituta
1607 1976 1651 1998 ex
1677 1964 1720 1999 iis

301 2023 433 2068 elucet,
459 2034 552 2068 quae
578 2023 623 2058 ad
648 2023 781 2058 certius
807 2022 1045 2058 definiendam
1070 2034 1147 2058 eam
1173 2035 1207 2069 p.
1235 2026 1303 2058 204
1321 2023 1477 2060 monuit:
1505 2022 1627 2066 „Nach
1653 2023 1719 2058 Er-

303 2084 478 2131 ledigung
509 2082 573 2118 der
603 2083 723 2117 ersten
754 2082 882 2128 Frage,
915 2082 960 2116 ob
991 2082 1055 2117 das
1088 2083 1209 2118 Ganze
1240 2083 1309 2117 den
1340 2081 1720 2117 Redetheilcharakter

301 2144 365 2178 des
391 2144 424 2177 2.
450 2141 596 2176 Gliedes
622 2141 790 2174 behalten
815 2140 901 2174 oder
925 2141 1090 2174 verloren
1115 2142 1189 2185 hat,
1214 2141 1294 2174 tritt
1319 2140 1550 2186 nothwendig
1574 2140 1631 2174 die
1655 2151 1719 2174 an-

301 2203 387 2238 dere
411 2203 604 2248 entgegen,
630 2201 676 2235 ob
700 2200 776 2235 dies
802 2200 894 2235 ohne
920 2201 1065 2236 weitere
1090 2200 1452 2245 Formveriinderung
1475 2199 1538 2234 des
1563 2201 1596 2234 2.
1623 2199 1720 2235 Glic-

299 2262 364 2297 des
388 2260 593 2307 geschehen
624 2259 711 2301 oder
740 2259 786 2292 ob
810 2249 1036 2294 eine'solche
1061 2260 1286 2305 eingetreten
1311 2258 1398 2302 und,
1428 2267 1532 2292 wenn
1557 2257 1632 2292 dies
1657 2258 1721 2292 der
1753 2295 1756 2299 ,

250 2339 254 2348 ι
302 2319 383 2355 Fan
406 2319 468 2367 ist,
491 2319 654 2354 welche?
700 2318 851 2353 Danach
876 2318 1021 2353 werden
1046 2317 1111 2352 wir
1136 2317 1304 2364 folgende
1329 2316 1480 2351 Classen
1506 2315 1684 2351 erhalten:

373 2379 419 2413 A.
446 2378 549 2414 Ohne
573 2376 837 2423 Verssnderung
862 2377 925 2412 des
950 2376 1254 2423 Sehlussgliedes:

375 2438 416 2472 B.
443 2436 510 2472 Mit
532 2434 799 2481 Verfinderung
823 2433 886 2470 des
911 2433 1212 2481 Schlussgliedes:

445 2507 477 2530 a.
503 2495 569 2529 Mit
593 2494 836 2529 Modification
861 2494 925 2528 des
950 2494 1118 2537 Suffixes‚

427 2555 481 2589 -b.
506 2553 573 2589 Mit
598 2553 750 2589 Verlust
775 2552 838 2587 des
864 2552 1032 2597 Suffixes,

447 2625 476 2648 e.
502 2612 570 2647 Mit
594 2612 764 2647 Wechsel
789 2611 853 2646 des
875 2611 1046 2655 Suffixes‚

447 2672 481 2707 d.
507 2671 574 2707 Mit
598 2671 731 2706 Zutritt
756 2670 854 2706 eines
878 2680 996 2707 neuen
1021 2669 1176 2706 Suffixes
1203 2680 1247 2704 an
1272 2668 1336 2704 das
1362 2669 1444 2703 alte.
