1996 3071
303 345 410 380 inest.
458 345 660 382 Absolutus
685 346 829 391 quidem
866 348 1074 392 posterioris
1100 347 1248 382 membri
1276 346 1404 381 horum
1442 346 1720 391 compositorum

305 413 395 439 usus
420 406 477 440 est
500 395 642 450 nullus3
665 405 870 441 intellectus
897 403 1033 441 scilicet
1070 406 1191 451 stirpis
1218 405 1391 450 verbalis,
1426 404 1521 440 unde
1545 405 1721 450 posterior

304 473 389 507 pars
414 456 588 510 originem
606 464 715 509 ducit,
741 463 1012 508 determinatur.
1062 464 1279 500 Monendum
1294 464 1448 509 denique
1473 474 1553 500 esse
1576 463 1721 499 videtur

303 521 484 557 adiectiva
520 522 630 571 huius
667 523 807 569 generis
846 533 917 557 non
956 533 1044 558 vera
1080 523 1332 569 compositione
1357 523 1421 559 sed
1435 522 1674 573 *derivatione
1697 533 1720 557 a

304 580 425 616 verbis
451 581 656 626 compositis
681 592 762 617 esse
788 584 884 625 orts3
910 582 955 616 cf.
981 584 1101 617 tamen
1128 592 1220 627 quae
1245 592 1321 627 cap.
1346 581 1366 616 1
1391 581 1524 617 monui.

395 639 482 682 Sed
512 639 798 697 collegantur,
832 654 948 698 quae
981 641 1223 696 singularia
1255 644 1442 684 exstant.

391 709 461 752 En
491 710 627 753 habes
660 711 704 753 in
736 712 999 769 comicorum
1030 712 1380 769 tragicorumque
1411 711 1626 769 reliqui-is:

304 779 589 824 advors'abilis
620 780 715 824 Att.
752 782 846 839 158,
882 782 981 825 460.

303 850 621 907 adspernabilis
652 851 746 895 Att.
779 853 876 895 555.

305 912 585 964 ascendibilis
617 922 770 979 Pomp.
801 921 853 964 B.
890 923 956 964 18.

303 992 612 1036 condecoratus
643 994 736 1036 Att.
758 985 868 1035 '421.

303 1062 533 1120 confragus
563 1062 701 1106 Naev.
734 1064 765 1106 t.
799 1063 869 1106 58.
973 1119 977 1123 Ι

301 1133 572 1183 commictilis
604 1134 755 1191 Pomp.
788 1134 839 1176 B.
876 1136 972 1176 138.

303 1203 538 1248 defricatus
568 1204 707 1248 Naev.
739 1219 776 1248 c.
810 1206 879 1247 80.

303 1275 514 1337 eloquens
544 1273 642 1318 Afr.
675 1276 774 1318 215.

302 1345 585 1389 exsecrabilis
617 1346 710 1389 Att.
744 1346 843 1388 270.

302 1416 504 1472 impexus
536 1414 668 1471 (ΡΑ.)
699 1415 800 1460 Pae.
834 1421 864 1458 t.
898 1417 967 1459 21.

302 1485 606 1529 indecorabilis
639 1485 732 1528 Att.
767 1486 866 1529 258.

302 1556 504 1600 infandus
536 1557 637 1599 val.
669 1557 771 1600 Ruf.
809 1560 853 1611 13
886 1557 978 1600 Att.

364 1628 460 1670 131.

300 1698 441 1740 infans
473 1696 567 1740 Ate.
605 1699 699 1752 189,
733 1698 832 1739 315.

300 1771 507 1825 innuptus
540 1782 597 1811 ex
618 1769 701 1811 inc.
725 1769 806 1810 inc.
840 1773 869 1809 t.
904 1769 972 1809 80.

300 1838 518 1882 instabilis
549 1838 652 1881 Pac.
687 1843 716 1880 t.
751 1838 849 1881 369.

300 1909 476 1953 nesi-ens
508 1909 559 1952 L.
592 1909 707 1951 And.
740 1913 770 1951 t.
804 1909 886 1952 38:

300 1980 656 2023 obstrudulentus
690 1979 791 2023 Titi.
828 1981 922 2022 166.

1041 783 1249 839 pervicax
1280 782 1373 828 Att.
1408 784 1446 824 8.

1011 852 1236 908 ‘pervicus
1267 853 1360 895 Att.
1398 854 1491 895 158.

1044 923 1305 979 praecoquis,
1332 922 1443 965 Nov.
1479 922 1575 965 106.

1037 1007 1227 1049 praecox
1258 993 1369 1037 Eun.
1403 994 1458 1037 A.
1482 994 1587 1048 2823
1619 990 1714 1035 Afr.
1759 1045 1765 1050 .

1099 1063 1200 1106 335.

1039 1146 1243 1190 procerus
1264 1133 1375 1176 Enn.
1398 1133 1452 1175 A.
1486 1134 1586 1188 1963
1612 1133 1713 1175 Pac.

1098 1209 1127 1247 t.
1161 1205 1261 1248 224.
1366 1209 1369 1212 ’

1039 1276 1248 1332 profluius
1281 1276 1406 1318 anc.
1442 1276 1504 1318 St.
1539 1277 1608 1318 30.

1038 1342 1328 1403 propitiabilis
1361 1346 1473 1389 Enn.
1506 1360 1544 1388 c.
1580 1348 1615 1388 1.

1042 1416 1285 1472 reciprocus
1317 1415 1410 1459 Att.
1444 1416 1542 1459 545.

1040 1483 1397 1543 repotialis'Pac.
1432 1492 1461 1528 t.
1500 1487 1594 1528 193.
1673 1490 1675 1493 ⁴
1728 1494 1735 1499 ·

1043 1557 1322 1600 subcubonea
1354 1557 1438 1599 Tit.
1472 1560 1541 1600 92.

1027 1625 1235 1669 sublimis
1266 1625 1404 1671 Naev.
1428 1631 1458 1669 t.
1492 1626 1569 1680 303
1598 1626 1710 1669 Eun.

1096 1701 1125 1738 t.
1155 1698 1248 1751 180,
1281 1697 1376 1752 153,
1401 1697 1507 1751 3023
1540 1711 1597 1739 ex
1629 1698 1710 1740 inc.

1095 1768 1176 1809 inc.
1200 1771 1230 1809 t.
1254 1769 1361 1822 3423
1383 1767 1477 1810 Λα.
1496 1761 1712 1823 390,’396.

1041 1837 1252 1880 sublimus
1307 1837 1400 1880 Att.
1458 1838 1554 1893 563,
1609 1838 1711 1893 5763

1096 1908 1209 1951 Eun.
1243 1913 1272 1950 t.
1306 1911 1346 1951 2.

1037 1993 1305 2022 summussus
1335 1979 1472 2022 Naev.
1505 1984 1535 2022 t.
1569 1981 1637 2023 63.

387 2050 639 2094 Notandum
669 2050 844 2093 videtur
876 2065 931 2092 ex
969 2051 1049 2092 hoc
1080 2063 1259 2092 numero
1299 2054 1466 2106 septem
1498 2050 1712 2093 adiectiva

300 2123 454 2165 suffixo
507 2121 912 2177 ‘.-bi1is'vdesinere,
964 2136 1061 2164 cum
1110 2122 1292 2164 Plautus
1334 2135 1489 2163 novem
1528 2123 1713 2177 primum

298 2206 533 2252 usurpasse
553 2192 772 2249 putandus
806 2193 878 2247 sit:
919 2192 1183 2248 adiutabilis,
1227 2191 1524 2247 conducibilis,
1560 2207 1738 2246 excrus

299 2261 482 2318 ciabilis,
516 2262 766 2318 exorabilis,
800 2262 1104 2319 impetrabilis,
1146 2262 1401 2316 inlocabilis,
1434 2262 1712 2320 perplexabi-

298 2333 365 2388 lis,
418 2332 697 2390 pollucibilis,
750 2333 1008 2390 prostibilis3
1062 2333 1292 2375 Terentius
1341 2332 1444 2375 duo:
1472 2332 1711 2393 adfabilis,

298 2403 598 2467 praestabilis3
631 2404 826 2446 Lucilius
858 2417 1012 2446 unum:
1047 2404 1333 2460 exoptabilis3
1363 2400 1606 2452 'Lucretius
1638 2404 1711 2447 de—

300 2476 432 2531 nique
465 2475 568 2517 tria:
603 2474 939 2530 contractabilis,
972 2475 1292 2530 inrevocabilis,
1326 2473 1592 2518 insedabilis.

303 2538 307 2541 ’
389 2543 613 2587 Vocabulo
639 2545 781 2588 infans
803 2545 937 2601 probe
960 2546 1244 2600 cognoscitur,
1285 2545 1494 2601 quomodo
1518 2540 1711 2601 singula,-

300 2628 394 2656 rum
411 2627 566 2657 vocum
583 2613 750 2658 indoles
766 2614 810 2656 in
827 2612 993 2657 dies'sit
1008 2618 1283 2657 commutata.
1311 2613 1420 2656 Cum
1438 2614 1481 2663 in
1498 2615 1710 2675 antiquis,-

299 2686 435 2728 simae
466 2698 649 2744 poeseos
680 2679 875 2744 reliquiis
909 2685 1109 2730 adiectivi
1142 2685 1310 2730 vicibus
1340 2684 1571 2743 fungatur:
1616 2685 1711 2732 Ati.
