1996 3071
1018 155 1078 200 41

361 279 364 282 ⁴
433 279 511 323 De.
531 292 585 321 ea
603 274 723 331 ‘vero'
748 276 1016 335 quaestione,
1057 288 1186 332 quam
1223 287 1354 331 supra
1384 263 1472 315 iam
1503 285 1589 315 uno
1619 271 1754 314 verbo

346 351 484 407 tetigi,
534 348 743 392 nonnulla
797 347 899 404 quin
951 346 1120 402 addam,
1160 345 1519 402 ,praetermittere
1568 357 1752 400 nequeo.
1811 364 1821 372 -

345 422 581 475 Coresenus
628 419 743 462 enim
793 419 839 461 in
884 418 912 460 l.
961 417 1087 461 ‘lh-it.
1128 416 1266 460 Beitr.
1312 431 1355 473 p.
1404 414 1502 458 315’
1549 414 1752 471 idemque

345 492 537 550 ‘Ausspn
570 483 804 541 Voealism.
837 494 917 532 ete.
949 487 975 531 I
1003 504 1044 545 p.
1078 489 1177 532 276'
1208 488 1543 544 compositorum
1574 485 1751 528 adiecti-

342 554 499 606 vorum‘
522 560 781 616 beni-volus,
812 560 1074 615 mali-volus,
1112 559 1346 614 beneficus,
1386 557 1624 612 maleficus,
1661 557 1750 613 pri-

342 629 460 678 orem
491 633 659 690 partem
699 632 807 691 meri
838 630 1040 674 adieetivi
1080 630 1260 674 formam
1300 624 1524 687 praebere,
1569 642 1744 685 prorsus

341 719 426 747 non
466 703 720 755 adverbium
758 702 1040 759 praedicavit.
1103 703 1189 752 Qui
1227 703 1309 745 isto
1347 702 1441 744 loco
1475 699 1749 744 ‘beni-volus'

341 777 652 832 interpretatur
682 773 850 827 „Gutes
881 773 1095 816 wollend“
1127 774 1170 817 h.
1202 775 1230 815 l.
1263 774 1324 815 i'ta
1355 773 1464 828 agit:
1519 771 1622 826 „Sie
1651 771 1748 814 sind

340 846 459 889 nieht
488 844 754 900 Adverbien,
786 843 971 887 sondern
1001 843 1194 886 driicken
1221 843 1297 885 das
1319 842 1475 897 Objeet
1496 842 1574 885 der
1595 842 1747 885 Hand-

340 911 457 970 lun'g'
477 928 569 969 aus,
603 914 672 956 die
703 914 779 955 das
811 910 1006 956 Verbum
1032 900 1107 956 'als
1145 914 1320 955 zweiter
1352 913 1479 955 Theil
1510 912 1592 955 des'
1620 913 1745 955 Com-

338 985 546 1042 positums
578 984 877 1027 bezeichnet.“
1290 969 1298 978 ’

343 1044 347 1051 ’
426 1056 675 1112 Composita
715 1055 848 1110 igitur
869 1055 1109 1111 ‘regiminis
1150 1059 1251 1097 sunt
1291 1069 1348 1097 ex
1380 1056 1473 1097 eius
1506 1054 1738 1097 sententia.

338 1127 479 1176 Quam
519 1125 674 1167 falsam
712 1139 806 1167 esse
844 1139 942 1166 cum
973 1124 1222 1181 Uhdolphio
1255 1130 1416 1181 putem,
1453 1121 1577 1167 c'uius
1608 1124 1742 1167 verba

336 1196 390 1238 ad
422 1204 524 1238 eam*
550 1195 822 1246 referendam
857 1194 1100 1238 adhibeam.
1163 1195 1556 1251 „Significationes,
1598 1195 1741 1251 inquit

334 1281 375 1322 p.
410 1268 464 1308 22
496 1266 524 1307 1.
557 1281 606 1321 (3.,
640 1265 950 1308 adieetivorum
981 1266 1059 1307 hoo
1096 1265 1316 1319 (Corsseni
1353 1266 1613 1308 sententiam
1644 1278 1757 1307 esse·

334 1336 487 1379 falsam
518 1338 624 1378 mihi
655 1336 947 1393 comprobant.
1009 1337 1276 1379 Bene-volus
1315 1342 1381 1379 est
1422 1338 1471 1392 is,
1514 1337 1587 1392 qui
1628 1336 1740 1378 bene

333 1407 427 1449 vult
473 1407 616 1463 alicui,
664 1421 749 1449 non
796 1408 870 1464 qui
910 1407 1023 1450 bona
1063 1407 1182 1454 vult„
1232 1407 1297 1450 Ea
1338 1411 1484 1449 autem
1523 1407 1634 1449 ratio
1675 1406 1738 1450 di-

332 1478 470 1534 cendi,
503 1492 631 1535 quam
661 1478 848 1521 Romani
879 1479 963 1535 ipsi
995 1484 1182 1534 sumunt,
1214 1492 1310 1522 oum
1342 1479 1577 1536 separatim
1615 1491 1741 1520 voca-

283 1560 292 1569 *
332 1549 435 1591 bula
466 1554 644 1605 ponunt,
683 1549 927 1592 adhibenda
964 1554 1031 1592 est
1070 1554 1289 1607 tamquam
1328 1550 1509 1593 obrussa
1549 1550 1604 1592 ad
1635 1564 1737 1592 eno-

331 1619 551 1662 dationem
583 1624 627 1662 et
672 1620 1071 1677 interpretationem
1103 1620 1449 1677 compositorum.
1512 1621 1738 1676 Significa-

331 1688 475 1748 tiones
503 1690 676 1731 illorum
708 1688 1018 1743 adiectivorum
1051 1704 1074 1732 e
1106 1690 1249 1733 verbis
1283 1690 1406 1733 ‘bene
1431 1689 1575 1746 velle',
1610 1690 1736 1732 ‘male

330 1757 487 1801 facere'
541 1764 621 1802 ete.
675 1759 828 1818 ductae
881 1764 994 1803 sunt.
1028 1759 1058 1814 ¹)
1127 1761 1410 1803 Derivatione
1463 1774 1566 1802 sane
1617 1761 1734 1802 vocis

329 1828 558 1885 benignus,
607 1845 631 1871 a
678 1831 815 1873 Paulo
846 1832 967 1873 Festi
1015 1833 1247 1874 constituta
1292 1846 1335 1888 p.
1368 1833 1442 1874 33:
1492 1832 1735 1887 „benignus

331 1912 386 1941 ex
404 1898 517 1943 'bono
541 1904 586 1943 et
606 1900 853 1957 gignendo“
876 1900 1076 1951 Oorsseni
1096 1902 1313 1944 sententia
1335 1901 1524 1944 fulcitur.
1555 1901 1735 1944 Kiihne-

330 1983 402 2011 rus
449 1985 619 2027 quoque
660 1972 764 2024 „lat.
806 1972 993 2014 Gramm.
1031 1973 1055 2016 I
1100 1986 1199 2029 pag.
1238 1975 1307 2028 84,
1341 1976 1397 2014 4⁴⁴
1443 1988 1539 2015 eum
1584 1986 1734 2016 vocem

327 2038 571 2101 fbenignus'
603 2046 745 2085 vertat
786 2056 898 2095 „von
946 2043 1087 2086 einem
1118 2043 1264 2086 Gruten
1295 2046 1512 2100 gezeugt“
1553 2043 1734 2086 eandem

328 2112 589 2154 sententiam
619 2113 860 2173 profitetur.

414 2180 560 2237 Atque
604 2183 755 2226 eadem
799 2185 883 2226 ista
928 2185 1214 2239 cognoscendi
1260 2190 1362 2235 nota
1406 2185 1615 2241 adhibita,
1658 2185 1732 2227 ad-

260 2307 266 2311 ,
327 2251 581 2297 iectivorum
602 2255 934 2310 compositorum
955 2255 1000 2296 in
1023 2254 1107 2297 -fer
1134 2256 1400 2311 exeuntium,
1433 2256 1554 2298 velut
1581 2256 1729 2299 ‘dulci-

726 2430 756 2458 Γ.

399 2484 434 2528 1)
460 2485 513 2518 De
538 2487 670 2520 vocalis
696 2487 730 2519 ‘i’
757 2498 823 2521 usu
842 2487 876 2520 in
896 2488 1129 2523 commissura
1147 2489 1395 2522 adverbiorum
1413 2500 1494 2523 eum
1519 2489 1630 2532 stirpe
1649 2501 1729 2523 ver-

248 2545 252 2548 ”
325 2542 396 2577 bali
420 2553 485 2587 pro
509 2545 553 2578 ‘e’
578 2545 624 2580 ef.
642 2545 811 2599 Udolphii
835 2547 895 2581 lib.
921 2547 1001 2582 adu.
1028 2549 1072 2583 22
1098 2550 1134 2583 et
1159 2559 1251 2593 quae
1276 2548 1551 2586 Brambaohius:
1579 2549 1729 2583 ‘Lateim

325 2602 575 2647 orthograph.'
599 2615 634 2648 p.
664 2607 728 2641 179
755 2606 914 2641 contulit.
