<?xml version="1.0" encoding="UTF-8"?>
<!DOCTYPE html PUBLIC "-//W3C//DTD XHTML 1.0 Transitional//EN"
    "http://www.w3.org/TR/xhtml1/DTD/xhtml1-transitional.dtd">
<html xmlns="http://www.w3.org/1999/xhtml" xml:lang="en" lang="en">
 <head>
  <title>
</title>
<meta http-equiv="Content-Type" content="text/html;charset=utf-8" />
  <meta name='ocr-system' content='tesseract 3.04.00' />
  <meta name='ocr-capabilities' content='ocr_page ocr_carea ocr_par ocr_line ocrx_word'/>
</head>
<body>
  <div class='ocr_page' id='page_1' title='image "4737817_0037.png"; bbox 0 0 1996 3071; ppageno 0'>
   <div class='ocr_carea' id='block_1_1' title="bbox 997 181 1056 225">
    <p class='ocr_par' dir='ltr' id='par_1_1' title="bbox 997 181 1056 225">
     <span class='ocr_line' id='line_1_1' title="bbox 997 181 1056 225; baseline -0.017 0"><span class='ocrx_word' id='word_1_1' title='bbox 997 181 1056 225; x_wconf 80' lang='lat'>30</span> 
     </span>
    </p>
   </div>
   <div class='ocr_carea' id='block_1_2' title="bbox 313 296 1806 2410">
    <p class='ocr_par' dir='ltr' id='par_1_2' title="bbox 313 296 1739 1063">
     <span class='ocr_line' id='line_1_2' title="bbox 314 296 1730 356; baseline -0.001 -15"><span class='ocrx_word' id='word_1_2' title='bbox 314 298 480 342; x_wconf 80' lang='lat' dir='ltr'>faciens</span> <span class='ocrx_word' id='word_1_3' title='bbox 509 297 677 350; x_wconf 79' lang='lat' dir='ltr'>tabere.</span> <span class='ocrx_word' id='word_1_4' title='bbox 738 296 1031 340; x_wconf 82' lang='lat' dir='ltr'>Adnumerari</span> <span class='ocrx_word' id='word_1_5' title='bbox 1062 302 1244 356; x_wconf 79' lang='lat' dir='ltr'><strong>possunt</strong></span> <span class='ocrx_word' id='word_1_6' title='bbox 1282 296 1520 354; x_wconf 75' lang='lat' dir='ltr'>horrificus,</span> <span class='ocrx_word' id='word_1_7' title='bbox 1559 297 1730 354; x_wconf 81' lang='lat' dir='ltr'>langui-</span> 
     </span>
     <span class='ocr_line' id='line_1_3' title="bbox 315 367 1732 427; baseline -0.001 -13"><span class='ocrx_word' id='word_1_8' title='bbox 315 371 436 426; x_wconf 87' lang='lat' dir='ltr'>ficus,</span> <span class='ocrx_word' id='word_1_9' title='bbox 475 369 688 426; x_wconf 81' lang='lat' dir='ltr'>algificus,</span> <span class='ocrx_word' id='word_1_10' title='bbox 735 368 1029 427; x_wconf 85' lang='lat' dir='ltr'>splendificus,</span> <span class='ocrx_word' id='word_1_11' title='bbox 1076 370 1318 426; x_wconf 88' lang='lat' dir='ltr'>humificus,</span> <span class='ocrx_word' id='word_1_12' title='bbox 1356 369 1582 414; x_wconf 86' lang='lat' dir='ltr'>terrificus.</span> <span class='ocrx_word' id='word_1_13' title='bbox 1644 367 1732 427; x_wconf 71' lang='lat' dir='ltr'>Sed</span> 
     </span>
     <span class='ocr_line' id='line_1_4' title="bbox 314 439 1731 497; baseline 0.001 -13"><span class='ocrx_word' id='word_1_14' title='bbox 314 440 498 484; x_wconf 84' lang='lat' dir='ltr'>fortasse</span> <span class='ocrx_word' id='word_1_15' title='bbox 539 441 689 484; x_wconf 87' lang='lat' dir='ltr'>insunt</span> <span class='ocrx_word' id='word_1_16' title='bbox 733 439 960 483; x_wconf 87' lang='lat' dir='ltr'>decurtata</span> <span class='ocrx_word' id='word_1_17' title='bbox 1005 440 1291 497; x_wconf 86' lang='lat' dir='ltr'>substantiva,</span> <span class='ocrx_word' id='word_1_18' title='bbox 1338 444 1388 483; x_wconf 92' lang='lat' dir='ltr'>ut</span> <span class='ocrx_word' id='word_1_19' title='bbox 1417 440 1642 484; x_wconf 87' lang='lat' dir='ltr'>horrificus</span> <span class='ocrx_word' id='word_1_20' title='bbox 1674 440 1731 485; x_wconf 88' lang='lat' dir='ltr'>sit</span> 
     </span>
     <span class='ocr_line' id='line_1_5' title="bbox 316 510 1739 569; baseline -0.004 -14"><span class='ocrx_word' id='word_1_21' title='bbox 316 511 606 567; x_wconf 84' lang='lat' dir='ltr'>horrorificus,</span> <span class='ocrx_word' id='word_1_22' title='bbox 628 512 850 555; x_wconf 90' lang='lat' dir='ltr'>horrorem</span> <span class='ocrx_word' id='word_1_23' title='bbox 877 510 1056 568; x_wconf 85' lang='lat' dir='ltr'>faciens,</span> <span class='ocrx_word' id='word_1_24' title='bbox 1079 512 1305 569; x_wconf 85' lang='lat' dir='ltr'>terrificus,</span> <span class='ocrx_word' id='word_1_25' title='bbox 1323 516 1531 555; x_wconf 85' lang='lat' dir='ltr'>terrorem</span> <span class='ocrx_word' id='word_1_26' title='bbox 1552 511 1739 557; x_wconf 64' lang='lat' dir='ltr'>faciens.</span> 
     </span>
     <span class='ocr_line' id='line_1_6' title="bbox 314 580 1731 639; baseline -0.004 -11"><span class='ocrx_word' id='word_1_27' title='bbox 314 582 453 628; x_wconf 84' lang='lat' dir='ltr'>Recte</span> <span class='ocrx_word' id='word_1_28' title='bbox 492 582 602 626; x_wconf 85' lang='lat' dir='ltr'>illud</span> <span class='ocrx_word' id='word_1_29' title='bbox 642 581 831 639; x_wconf 87' lang='lat' dir='ltr'>quidem,</span> <span class='ocrx_word' id='word_1_30' title='bbox 872 582 1037 639; x_wconf 82' lang='lat' dir='ltr'>opinor,</span> <span class='ocrx_word' id='word_1_31' title='bbox 1086 583 1131 624; x_wconf 93' lang='lat' dir='ltr'>in</span> <span class='ocrx_word' id='word_1_32' title='bbox 1179 582 1489 628; x_wconf 84' lang='lat' dir='ltr'>vocabulorum</span> <span class='ocrx_word' id='word_1_33' title='bbox 1533 580 1731 626; x_wconf 85' lang='lat' dir='ltr'>‘arificus’</span> 
     </span>
     <span class='ocr_line' id='line_1_7' title="bbox 316 652 1731 709; baseline -0.001 -14"><span class='ocrx_word' id='word_1_34' title='bbox 316 653 566 696; x_wconf 86' lang='lat' dir='ltr'>‘vomificus’</span> <span class='ocrx_word' id='word_1_35' title='bbox 598 653 743 709; x_wconf 87' lang='lat' dir='ltr'>priore</span> <span class='ocrx_word' id='word_1_36' title='bbox 775 656 900 709; x_wconf 88' lang='lat' dir='ltr'>parte</span> <span class='ocrx_word' id='word_1_37' title='bbox 933 653 1113 709; x_wconf 85' lang='lat' dir='ltr'>stirpem</span> <span class='ocrx_word' id='word_1_38' title='bbox 1143 653 1367 696; x_wconf 81' lang='lat' dir='ltr'>verbalem</span> <span class='ocrx_word' id='word_1_39' title='bbox 1398 654 1560 707; x_wconf 82' lang='lat' dir='ltr'>latere3</span> <span class='ocrx_word' id='word_1_40' title='bbox 1601 652 1731 706; x_wconf 88' lang='lat' dir='ltr'>longe</span> 
     </span>
     <span class='ocr_line' id='line_1_8' title="bbox 316 722 1732 780; baseline -0.001 -14"><span class='ocrx_word' id='word_1_41' title='bbox 316 724 432 767; x_wconf 85' lang='lat' dir='ltr'>enim</span> <span class='ocrx_word' id='word_1_42' title='bbox 462 726 586 779; x_wconf 84' lang='lat' dir='ltr'>patet</span> <span class='ocrx_word' id='word_1_43' title='bbox 630 723 812 767; x_wconf 86' lang='lat' dir='ltr'>istorum</span> <span class='ocrx_word' id='word_1_44' title='bbox 845 722 1129 765; x_wconf 85' lang='lat' dir='ltr'>verborum</span> <span class='ocrx_word' id='word_1_45' title='bbox 1174 723 1350 780; x_wconf 87' lang='lat' dir='ltr'>quidem</span> <span class='ocrx_word' id='word_1_46' title='bbox 1396 723 1732 780; x_wconf 88' lang='lat' dir='ltr'>compositorum</span> 
     </span>
     <span class='ocr_line' id='line_1_9' title="bbox 315 792 1733 850; baseline -0.001 -14"><span class='ocrx_word' id='word_1_47' title='bbox 315 807 468 849; x_wconf 86' lang='lat' dir='ltr'>genus,</span> <span class='ocrx_word' id='word_1_48' title='bbox 516 807 601 850; x_wconf 93' lang='lat' dir='ltr'>quo</span> <span class='ocrx_word' id='word_1_49' title='bbox 639 792 751 836; x_wconf 86' lang='lat' dir='ltr'><strong>duae</strong></span> <span class='ocrx_word' id='word_1_50' title='bbox 798 794 954 849; x_wconf 80' lang='lat' dir='ltr'><strong>stirpes</strong></span> <span class='ocrx_word' id='word_1_51' title='bbox 1000 793 1200 836; x_wconf 84' lang='lat' dir='ltr'>verbales</span> <span class='ocrx_word' id='word_1_52' title='bbox 1247 793 1303 835; x_wconf 88' lang='lat' dir='ltr'>ad</span> <span class='ocrx_word' id='word_1_53' title='bbox 1347 807 1507 836; x_wconf 88' lang='lat' dir='ltr'>novum</span> <span class='ocrx_word' id='word_1_54' title='bbox 1551 792 1733 836; x_wconf 81' lang='lat' dir='ltr'>verbum</span> 
     </span>
     <span class='ocr_line' id='line_1_10' title="bbox 313 863 1731 921; baseline -0.001 -14"><span class='ocrx_word' id='word_1_55' title='bbox 313 863 585 907; x_wconf 81' lang='lat' dir='ltr'>formandum</span> <span class='ocrx_word' id='word_1_56' title='bbox 634 867 931 920; x_wconf 89' lang='lat' dir='ltr'>conectuntur,</span> <span class='ocrx_word' id='word_1_57' title='bbox 980 863 1095 921; x_wconf 92' lang='lat' dir='ltr'>quod</span> <span class='ocrx_word' id='word_1_58' title='bbox 1148 865 1193 906; x_wconf 93' lang='lat' dir='ltr'>in</span> <span class='ocrx_word' id='word_1_59' title='bbox 1240 868 1387 906; x_wconf 90' lang='lat' dir='ltr'>nostra</span> <span class='ocrx_word' id='word_1_60' title='bbox 1434 864 1585 921; x_wconf 87' lang='lat' dir='ltr'>lingua</span> <span class='ocrx_word' id='word_1_61' title='bbox 1635 863 1731 906; x_wconf 87' lang='lat' dir='ltr'>fieri</span> 
     </span>
     <span class='ocr_line' id='line_1_11' title="bbox 318 934 1734 992; baseline 0 -13"><span class='ocrx_word' id='word_1_62' title='bbox 318 935 555 979; x_wconf 83' lang='lat' dir='ltr'>Grimmius</span> <span class='ocrx_word' id='word_1_63' title='bbox 595 935 768 977; x_wconf 92' lang='lat' dir='ltr'>omnino</span> <span class='ocrx_word' id='word_1_64' title='bbox 807 939 963 991; x_wconf 84' lang='lat' dir='ltr'>negat3</span> <span class='ocrx_word' id='word_1_65' title='bbox 1007 949 1184 992; x_wconf 88' lang='lat' dir='ltr'>perrara</span> <span class='ocrx_word' id='word_1_66' title='bbox 1219 948 1323 978; x_wconf 84' lang='lat' dir='ltr'>vero</span> <span class='ocrx_word' id='word_1_67' title='bbox 1356 939 1531 978; x_wconf 85' lang='lat' dir='ltr'>exstant</span> <span class='ocrx_word' id='word_1_68' title='bbox 1560 934 1734 980; x_wconf 86' lang='lat' dir='ltr'>nomina</span> 
     </span>
     <span class='ocr_line' id='line_1_12' title="bbox 316 1005 1460 1063; baseline 0.001 -14"><span class='ocrx_word' id='word_1_69' title='bbox 316 1007 447 1050; x_wconf 93' lang='lat' dir='ltr'>huius</span> <span class='ocrx_word' id='word_1_70' title='bbox 478 1006 595 1049; x_wconf 90' lang='lat' dir='ltr'>modi</span> <span class='ocrx_word' id='word_1_71' title='bbox 627 1006 867 1063; x_wconf 89' lang='lat' dir='ltr'>composita</span> <span class='ocrx_word' id='word_1_72' title='bbox 900 1020 937 1049; x_wconf 90' lang='lat' dir='ltr'>e.</span> <span class='ocrx_word' id='word_1_73' title='bbox 970 1020 1012 1062; x_wconf 87' lang='lat' dir='ltr'>g.</span> <span class='ocrx_word' id='word_1_74' title='bbox 1045 1006 1389 1049; x_wconf 91' lang='lat' dir='ltr'>contemni-ficus</span> <span class='ocrx_word' id='word_1_75' title='bbox 1416 1005 1460 1061; x_wconf 88' lang='lat'>¹).</span> 
     </span>
    </p>

    <p class='ocr_par' dir='ltr' id='par_1_3' title="bbox 313 1062 1806 2410">
     <span class='ocr_line' id='line_1_13' title="bbox 395 1062 1806 1133; baseline -0.001 -13"><span class='ocrx_word' id='word_1_76' title='bbox 395 1077 553 1120; x_wconf 79' lang='lat' dir='ltr'>&#39;Aliam</span> <span class='ocrx_word' id='word_1_77' title='bbox 573 1091 678 1120; x_wconf 86' lang='lat' dir='ltr'>vero</span> <span class='ocrx_word' id='word_1_78' title='bbox 700 1078 754 1119; x_wconf 90' lang='lat' dir='ltr'>de</span> <span class='ocrx_word' id='word_1_79' title='bbox 777 1078 1000 1120; x_wconf 85' lang='lat' dir='ltr'>vocabulis</span> <span class='ocrx_word' id='word_1_80' title='bbox 1024 1077 1223 1132; x_wconf 80' lang='lat' dir='ltr'>horrifer,</span> <span class='ocrx_word' id='word_1_81' title='bbox 1245 1077 1484 1133; x_wconf 88' lang='lat' dir='ltr'>horrificus,</span> <span class='ocrx_word' id='word_1_82' title='bbox 1516 1062 1734 1120; x_wconf 80' lang='lat' dir='ltr'>horrifica·</span> <span class='ocrx_word' id='word_1_83' title='bbox 1804 1105 1806 1107; x_wconf 66' lang='grc'><em>»</em></span> 
     </span>
     <span class='ocr_line' id='line_1_14' title="bbox 315 1147 1733 1205; baseline -0.001 -14"><span class='ocrx_word' id='word_1_84' title='bbox 315 1148 430 1204; x_wconf 90' lang='lat' dir='ltr'>bilis,</span> <span class='ocrx_word' id='word_1_85' title='bbox 490 1148 758 1204; x_wconf 91' lang='lat' dir='ltr'>horrisonus,</span> <span class='ocrx_word' id='word_1_86' title='bbox 823 1148 1050 1204; x_wconf 89' lang='lat' dir='ltr'>terrificus,</span> <span class='ocrx_word' id='word_1_87' title='bbox 1112 1148 1386 1205; x_wconf 89' lang='lat' dir='ltr'>terriloquus,</span> <span class='ocrx_word' id='word_1_88' title='bbox 1443 1147 1733 1205; x_wconf 87' lang='lat' dir='ltr'>tabificabilis,</span> 
     </span>
     <span class='ocr_line' id='line_1_15' title="bbox 316 1218 1734 1277; baseline -0.001 -15"><span class='ocrx_word' id='word_1_89' title='bbox 316 1219 541 1262; x_wconf 90' lang='lat' dir='ltr'>auctificus</span> <span class='ocrx_word' id='word_1_90' title='bbox 587 1219 644 1260; x_wconf 87' lang='lat' dir='ltr'>al.</span> <span class='ocrx_word' id='word_1_91' title='bbox 689 1219 950 1261; x_wconf 90' lang='lat' dir='ltr'>sententiam</span> <span class='ocrx_word' id='word_1_92' title='bbox 994 1218 1213 1277; x_wconf 81' lang='lat' dir='ltr'>adfectare</span> <span class='ocrx_word' id='word_1_93' title='bbox 1245 1219 1388 1262; x_wconf 88' lang='lat' dir='ltr'>liceat.</span> <span class='ocrx_word' id='word_1_94' title='bbox 1448 1218 1573 1261; x_wconf 88' lang='lat' dir='ltr'>Idem</span> <span class='ocrx_word' id='word_1_95' title='bbox 1619 1218 1734 1261; x_wconf 95' lang='lat' dir='ltr'>enim</span> 
     </span>
     <span class='ocr_line' id='line_1_16' title="bbox 316 1281 1733 1347; baseline -0.001 -14"><span class='ocrx_word' id='word_1_96' title='bbox 316 1290 370 1333; x_wconf 92' lang='lat' dir='ltr'>de</span> <span class='ocrx_word' id='word_1_97' title='bbox 401 1289 469 1332; x_wconf 91' lang='lat' dir='ltr'>his</span> <span class='ocrx_word' id='word_1_98' title='bbox 503 1303 599 1332; x_wconf 90' lang='lat' dir='ltr'>esse</span> <span class='ocrx_word' id='word_1_99' title='bbox 632 1289 921 1346; x_wconf 88' lang='lat' dir='ltr'>sentiendum,</span> <span class='ocrx_word' id='word_1_100' title='bbox 955 1289 1070 1347; x_wconf 87' lang='lat' dir='ltr'>quod</span> <span class='ocrx_word' id='word_1_101' title='bbox 1101 1289 1154 1333; x_wconf 88' lang='lat' dir='ltr'>dc</span> <span class='ocrx_word' id='word_1_102' title='bbox 1176 1289 1398 1333; x_wconf 88' lang='lat' dir='ltr'>vocabulis</span> <span class='ocrx_word' id='word_1_103' title='bbox 1421 1281 1733 1345; x_wconf 53' lang='lat' dir='ltr'>honor-ilficus,</span> 
     </span>
     <span class='ocr_line' id='line_1_17' title="bbox 317 1361 1734 1420; baseline -0.001 -16"><span class='ocrx_word' id='word_1_104' title='bbox 317 1361 625 1419; x_wconf 85' lang='lat' dir='ltr'>sopor-i-ficus,</span> <span class='ocrx_word' id='word_1_105' title='bbox 664 1361 963 1416; x_wconf 89' lang='lat' dir='ltr'>amor-i—ficus,</span> <span class='ocrx_word' id='word_1_106' title='bbox 995 1375 1151 1404; x_wconf 88' lang='lat' dir='ltr'>censeo</span> <span class='ocrx_word' id='word_1_107' title='bbox 1176 1361 1222 1416; x_wconf 77' lang='grc'>2).</span> <span class='ocrx_word' id='word_1_108' title='bbox 1276 1362 1390 1404; x_wconf 83' lang='lat' dir='ltr'>Sane</span> <span class='ocrx_word' id='word_1_109' title='bbox 1413 1362 1569 1420; x_wconf 87' lang='lat' dir='ltr'>aliquis</span> <span class='ocrx_word' id='word_1_110' title='bbox 1601 1374 1734 1418; x_wconf 87' lang='lat' dir='ltr'>quae-</span> 
     </span>
     <span class='ocr_line' id='line_1_18' title="bbox 315 1432 1732 1489; baseline 0 -14"><span class='ocrx_word' id='word_1_111' title='bbox 315 1434 432 1487; x_wconf 88' lang='lat' dir='ltr'>ritet,</span> <span class='ocrx_word' id='word_1_112' title='bbox 466 1446 681 1489; x_wconf 85' lang='lat' dir='ltr'>quaenam</span> <span class='ocrx_word' id='word_1_113' title='bbox 713 1433 770 1475; x_wconf 92' lang='lat' dir='ltr'>sit</span> <span class='ocrx_word' id='word_1_114' title='bbox 788 1433 917 1487; x_wconf 82' lang='lat' dir='ltr'>ratio,</span> <span class='ocrx_word' id='word_1_115' title='bbox 950 1447 1026 1475; x_wconf 91' lang='lat' dir='ltr'>cur</span> <span class='ocrx_word' id='word_1_116' title='bbox 1046 1434 1154 1476; x_wconf 87' lang='lat' dir='ltr'>haec</span> <span class='ocrx_word' id='word_1_117' title='bbox 1176 1432 1449 1476; x_wconf 82' lang='lat' dir='ltr'>substantiva</span> <span class='ocrx_word' id='word_1_118' title='bbox 1469 1432 1732 1476; x_wconf 88' lang='lat' dir='ltr'>immutilata</span> 
     </span>
     <span class='ocr_line' id='line_1_19' title="bbox 314 1502 1732 1560; baseline 0.001 -15"><span class='ocrx_word' id='word_1_119' title='bbox 314 1502 511 1546; x_wconf 88' lang='lat' dir='ltr'>adhibita</span> <span class='ocrx_word' id='word_1_120' title='bbox 544 1503 633 1545; x_wconf 93' lang='lat' dir='ltr'>sint</span> <span class='ocrx_word' id='word_1_121' title='bbox 663 1502 718 1545; x_wconf 90' lang='lat' dir='ltr'>ad</span> <span class='ocrx_word' id='word_1_122' title='bbox 748 1516 861 1545; x_wconf 86' lang='lat' dir='ltr'>nova</span> <span class='ocrx_word' id='word_1_123' title='bbox 892 1503 1107 1546; x_wconf 86' lang='lat' dir='ltr'>vocabula</span> <span class='ocrx_word' id='word_1_124' title='bbox 1142 1502 1358 1560; x_wconf 85' lang='lat' dir='ltr'>fingenda,</span> <span class='ocrx_word' id='word_1_125' title='bbox 1392 1504 1476 1546; x_wconf 86' lang='lat' dir='ltr'>ista</span> <span class='ocrx_word' id='word_1_126' title='bbox 1502 1517 1605 1546; x_wconf 84' lang='lat' dir='ltr'>vero</span> <span class='ocrx_word' id='word_1_127' title='bbox 1642 1507 1732 1546; x_wconf 89' lang='lat' dir='ltr'>tam</span> 
     </span>
     <span class='ocr_line' id='line_1_20' title="bbox 317 1573 1731 1632; baseline 0.001 -15"><span class='ocrx_word' id='word_1_128' title='bbox 317 1574 444 1617; x_wconf 87' lang='lat' dir='ltr'>foede</span> <span class='ocrx_word' id='word_1_129' title='bbox 486 1574 712 1617; x_wconf 87' lang='lat' dir='ltr'>decurtata</span> <span class='ocrx_word' id='word_1_130' title='bbox 759 1579 947 1617; x_wconf 85' lang='lat' dir='ltr'>exstent.</span> <span class='ocrx_word' id='word_1_131' title='bbox 1009 1574 1156 1631; x_wconf 86' lang='lat' dir='ltr'>Atque</span> <span class='ocrx_word' id='word_1_132' title='bbox 1188 1589 1302 1623; x_wconf 78' lang='lat' dir='ltr'>¹rem</span> <span class='ocrx_word' id='word_1_133' title='bbox 1348 1573 1412 1617; x_wconf 78' lang='lat' dir='ltr'>in&#39;</span> <span class='ocrx_word' id='word_1_134' title='bbox 1439 1579 1588 1632; x_wconf 91' lang='lat' dir='ltr'>aperto</span> <span class='ocrx_word' id='word_1_135' title='bbox 1637 1589 1731 1618; x_wconf 88' lang='lat' dir='ltr'>esse</span> 
     </span>
     <span class='ocr_line' id='line_1_21' title="bbox 316 1644 1732 1702; baseline -0.001 -14"><span class='ocrx_word' id='word_1_136' title='bbox 316 1645 508 1700; x_wconf 81' lang='lat' dir='ltr'>credam3</span> <span class='ocrx_word' id='word_1_137' title='bbox 557 1644 685 1687; x_wconf 84' lang='lat' dir='ltr'>facile</span> <span class='ocrx_word' id='word_1_138' title='bbox 732 1646 848 1687; x_wconf 90' lang='lat' dir='ltr'>enim</span> <span class='ocrx_word' id='word_1_139' title='bbox 888 1645 1135 1702; x_wconf 85' lang='lat' dir='ltr'>intelleges,</span> <span class='ocrx_word' id='word_1_140' title='bbox 1185 1646 1229 1687; x_wconf 91' lang='lat' dir='ltr'>in</span> <span class='ocrx_word' id='word_1_141' title='bbox 1268 1645 1490 1688; x_wconf 88' lang='lat' dir='ltr'>vocabulis</span> <span class='ocrx_word' id='word_1_142' title='bbox 1537 1646 1732 1688; x_wconf 89' lang='lat' dir='ltr'>terror-i-</span> 
     </span>
     <span class='ocr_line' id='line_1_22' title="bbox 315 1716 1733 1773; baseline 0.001 -15"><span class='ocrx_word' id='word_1_143' title='bbox 315 1717 435 1771; x_wconf 90' lang='lat' dir='ltr'>ficus,</span> <span class='ocrx_word' id='word_1_144' title='bbox 483 1716 798 1758; x_wconf 90' lang='lat' dir='ltr'>horror-i-ficus</span> <span class='ocrx_word' id='word_1_145' title='bbox 846 1720 890 1758; x_wconf 92' lang='lat' dir='ltr'>et</span> <span class='ocrx_word' id='word_1_146' title='bbox 937 1717 982 1758; x_wconf 89' lang='lat' dir='ltr'>in</span> <span class='ocrx_word' id='word_1_147' title='bbox 1020 1717 1192 1773; x_wconf 90' lang='lat' dir='ltr'>ceteris,</span> <span class='ocrx_word' id='word_1_148' title='bbox 1240 1731 1419 1773; x_wconf 89' lang='lat' dir='ltr'>quorum</span> <span class='ocrx_word' id='word_1_149' title='bbox 1467 1717 1585 1773; x_wconf 90' lang='lat' dir='ltr'>prior</span> <span class='ocrx_word' id='word_1_150' title='bbox 1634 1731 1733 1773; x_wconf 85' lang='lat' dir='ltr'>pars</span> 
     </span>
     <span class='ocr_line' id='line_1_23' title="bbox 317 1787 1735 1845; baseline 0 -15"><span class='ocrx_word' id='word_1_151' title='bbox 317 1800 475 1830; x_wconf 89' lang='lat' dir='ltr'>nomen</span> <span class='ocrx_word' id='word_1_152' title='bbox 533 1792 691 1830; x_wconf 88' lang='lat' dir='ltr'>terror·</span> <span class='ocrx_word' id='word_1_153' title='bbox 722 1787 795 1830; x_wconf 85' lang='lat' dir='ltr'>vel</span> <span class='ocrx_word' id='word_1_154' title='bbox 827 1787 996 1830; x_wconf 89' lang='lat' dir='ltr'>horror·</span> <span class='ocrx_word' id='word_1_155' title='bbox 1026 1788 1221 1844; x_wconf 83' lang='lat' dir='ltr'>praebet,</span> <span class='ocrx_word' id='word_1_156' title='bbox 1247 1792 1424 1845; x_wconf 87' lang='lat' dir='ltr'>propter</span> <span class='ocrx_word' id='word_1_157' title='bbox 1475 1789 1735 1845; x_wconf 81' lang='lat' dir='ltr'>euphoniam</span> 
     </span>
     <span class='ocr_line' id='line_1_24' title="bbox 317 1857 1730 1915; baseline 0 -16"><span class='ocrx_word' id='word_1_158' title='bbox 317 1858 534 1915; x_wconf 85' lang='lat' dir='ltr'>quandam</span> <span class='ocrx_word' id='word_1_159' title='bbox 581 1857 925 1914; x_wconf 83' lang='lat' dir='ltr'>facilitatemque</span> <span class='ocrx_word' id='word_1_160' title='bbox 960 1872 1049 1900; x_wconf 92' lang='lat' dir='ltr'>-or-</span> <span class='ocrx_word' id='word_1_161' title='bbox 1082 1859 1294 1915; x_wconf 84' lang='lat' dir='ltr'>syllabam</span> <span class='ocrx_word' id='word_1_162' title='bbox 1332 1873 1428 1900; x_wconf 88' lang='lat' dir='ltr'>esse</span> <span class='ocrx_word' id='word_1_163' title='bbox 1498 1858 1730 1915; x_wconf 83' lang='lat' dir='ltr'>demptam.</span> 
     </span>
     <span class='ocr_line' id='line_1_25' title="bbox 316 1929 1734 1985; baseline -0.001 -12"><span class='ocrx_word' id='word_1_164' title='bbox 316 1929 650 1985; x_wconf 87' lang='lat' dir='ltr'>terr(0r)i-ficus,</span> <span class='ocrx_word' id='word_1_165' title='bbox 697 1929 883 1984; x_wconf 90' lang='lat' dir='ltr'>horr(or)</span> <span class='ocrx_word' id='word_1_166' title='bbox 900 1929 1056 1972; x_wconf 83' lang='lat' dir='ltr'>i-ficus.</span> <span class='ocrx_word' id='word_1_167' title='bbox 1106 1929 1435 1973; x_wconf 72' lang='lat' dir='ltr'>eoncedendum</span> <span class='ocrx_word' id='word_1_168' title='bbox 1490 1930 1605 1973; x_wconf 91' lang='lat' dir='ltr'>enim</span> <span class='ocrx_word' id='word_1_169' title='bbox 1652 1930 1734 1972; x_wconf 89' lang='lat' dir='ltr'>erit</span> 
     </span>
     <span class='ocr_line' id='line_1_26' title="bbox 313 1995 1732 2044; baseline 0.001 -2"><span class='ocrx_word' id='word_1_170' title='bbox 313 1995 491 2043; x_wconf 86' lang='lat' dir='ltr'>litterae</span> <span class='ocrx_word' id='word_1_171' title='bbox 531 1998 573 2041; x_wconf 93' lang='lat' dir='ltr'>R</span> <span class='ocrx_word' id='word_1_172' title='bbox 618 1999 910 2041; x_wconf 88' lang='lat' dir='ltr'>cumulatione</span> <span class='ocrx_word' id='word_1_173' title='bbox 958 1999 1053 2041; x_wconf 89' lang='lat' dir='ltr'>istis</span> <span class='ocrx_word' id='word_1_174' title='bbox 1090 2000 1312 2042; x_wconf 89' lang='lat' dir='ltr'>vocabulis</span> <span class='ocrx_word' id='word_1_175' title='bbox 1358 2000 1537 2042; x_wconf 88' lang='lat' dir='ltr'>nimiam</span> <span class='ocrx_word' id='word_1_176' title='bbox 1576 2000 1732 2044; x_wconf 92' lang='lat' dir='ltr'>moles-</span> 
     </span>
     <span class='ocr_line' id='line_1_27' title="bbox 317 2069 1730 2128; baseline -0.001 -13"><span class='ocrx_word' id='word_1_177' title='bbox 317 2077 492 2128; x_wconf 89' lang='lat' dir='ltr'>tamque</span> <span class='ocrx_word' id='word_1_178' title='bbox 524 2070 786 2126; x_wconf 85' lang='lat' dir='ltr'>gravitatem</span> <span class='ocrx_word' id='word_1_179' title='bbox 808 2083 904 2113; x_wconf 88' lang='lat' dir='ltr'>esse</span> <span class='ocrx_word' id='word_1_180' title='bbox 926 2070 1153 2126; x_wconf 82' lang='lat' dir='ltr'>tributam3</span> <span class='ocrx_word' id='word_1_181' title='bbox 1187 2070 1301 2128; x_wconf 88' lang='lat' dir='ltr'>quod</span> <span class='ocrx_word' id='word_1_182' title='bbox 1322 2070 1544 2113; x_wconf 89' lang='lat' dir='ltr'>lubentius</span> <span class='ocrx_word' id='word_1_183' title='bbox 1565 2069 1730 2127; x_wconf 86' lang='lat' dir='ltr'>credas,</span> 
     </span>
     <span class='ocr_line' id='line_1_28' title="bbox 318 2141 1732 2198; baseline -0.002 -12"><span class='ocrx_word' id='word_1_184' title='bbox 318 2143 354 2186; x_wconf 91' lang='lat' dir='ltr'>si</span> <span class='ocrx_word' id='word_1_185' title='bbox 406 2141 656 2198; x_wconf 85' lang='lat' dir='ltr'>respexeris</span> <span class='ocrx_word' id='word_1_186' title='bbox 704 2141 994 2197; x_wconf 83' lang='lat' dir='ltr'>‘amorificus&#39;,</span> <span class='ocrx_word' id='word_1_187' title='bbox 1049 2141 1332 2184; x_wconf 86' lang='lat' dir='ltr'>‘honorificus&#39;</span> <span class='ocrx_word' id='word_1_188' title='bbox 1385 2155 1471 2183; x_wconf 93' lang='lat' dir='ltr'>non</span> <span class='ocrx_word' id='word_1_189' title='bbox 1521 2141 1597 2183; x_wconf 90' lang='lat' dir='ltr'>tali</span> <span class='ocrx_word' id='word_1_190' title='bbox 1643 2146 1732 2183; x_wconf 88' lang='lat' dir='ltr'>tam</span> 
     </span>
     <span class='ocr_line' id='line_1_29' title="bbox 316 2200 1732 2272; baseline 0 -17"><span class='ocrx_word' id='word_1_191' title='bbox 316 2212 587 2256; x_wconf 90' lang='lat' dir='ltr'>incommoda</span> <span class='ocrx_word' id='word_1_192' title='bbox 625 2212 799 2254; x_wconf 86' lang='lat' dir='ltr'>litterae</span> <span class='ocrx_word' id='word_1_193' title='bbox 838 2211 880 2254; x_wconf 83' lang='lat' dir='ltr'><strong>R</strong></span> <span class='ocrx_word' id='word_1_194' title='bbox 927 2212 1217 2255; x_wconf 89' lang='lat' dir='ltr'>cumulatione</span> <span class='ocrx_word' id='word_1_195' title='bbox 1254 2212 1310 2254; x_wconf 90' lang='lat' dir='ltr'>ad</span> <span class='ocrx_word' id='word_1_196' title='bbox 1339 2200 1732 2272; x_wconf 76' lang='lat' dir='ltr'>pronuntiationem</span> 
     </span>
     <span class='ocr_line' id='line_1_30' title="bbox 316 2281 1729 2340; baseline 0 -15"><span class='ocrx_word' id='word_1_197' title='bbox 316 2285 466 2340; x_wconf 87' lang='lat' dir='ltr'>inepta</span> <span class='ocrx_word' id='word_1_198' title='bbox 496 2282 646 2337; x_wconf 86' lang='lat' dir='ltr'>fuisse,</span> <span class='ocrx_word' id='word_1_199' title='bbox 678 2281 898 2325; x_wconf 90' lang='lat' dir='ltr'>Romanos</span> <span class='ocrx_word' id='word_1_200' title='bbox 930 2282 1117 2339; x_wconf 89' lang='lat' dir='ltr'>denique</span> <span class='ocrx_word' id='word_1_201' title='bbox 1150 2283 1196 2324; x_wconf 89' lang='lat' dir='ltr'>in</span> <span class='ocrx_word' id='word_1_202' title='bbox 1217 2283 1464 2339; x_wconf 86' lang='lat' dir='ltr'>compositis</span> <span class='ocrx_word' id='word_1_203' title='bbox 1496 2283 1729 2338; x_wconf 87' lang='lat' dir='ltr'>praecipue</span> 
     </span>
     <span class='ocr_line' id='line_1_31' title="bbox 316 2353 1730 2410; baseline -0.001 -13"><span class='ocrx_word' id='word_1_204' title='bbox 316 2353 531 2410; x_wconf 86' lang='lat' dir='ltr'>fingendis</span> <span class='ocrx_word' id='word_1_205' title='bbox 573 2367 747 2410; x_wconf 89' lang='lat' dir='ltr'>semper</span> <span class='ocrx_word' id='word_1_206' title='bbox 782 2354 910 2395; x_wconf 90' lang='lat' dir='ltr'>istam</span> <span class='ocrx_word' id='word_1_207' title='bbox 950 2353 1094 2409; x_wconf 88' lang='lat' dir='ltr'>legem</span> <span class='ocrx_word' id='word_1_208' title='bbox 1126 2353 1394 2408; x_wconf 85' lang='lat' dir='ltr'>observasse,</span> <span class='ocrx_word' id='word_1_209' title='bbox 1441 2357 1490 2395; x_wconf 90' lang='lat' dir='ltr'>ut</span> <span class='ocrx_word' id='word_1_210' title='bbox 1520 2353 1730 2410; x_wconf 85' lang='lat' dir='ltr'>composi-</span> 
     </span>
    </p>
   </div>
   <div class='ocr_carea' id='block_1_3' title="bbox 318 2497 601 2503">
    <p class='ocr_par' dir='ltr' id='par_1_4' title="bbox 318 2497 601 2503">
     <span class='ocr_line' id='line_1_32' title="bbox 318 2497 601 2503; baseline 0 0"><span class='ocrx_word' id='word_1_211' title='bbox 318 2497 601 2503; x_wconf 95' lang='lat' dir='ltr'> </span> 
     </span>
    </p>
   </div>
   <div class='ocr_carea' id='block_1_4' title="bbox 388 2576 1375 2684">
    <p class='ocr_par' dir='ltr' id='par_1_5' title="bbox 388 2576 1375 2684">
     <span class='ocr_line' id='line_1_33' title="bbox 391 2576 1375 2623; baseline -0.002 -10"><span class='ocrx_word' id='word_1_212' title='bbox 391 2580 425 2623; x_wconf 86' lang='lat'>1)</span> <span class='ocrx_word' id='word_1_213' title='bbox 451 2578 497 2613; x_wconf 85' lang='lat' dir='ltr'>cf.</span> <span class='ocrx_word' id='word_1_214' title='bbox 523 2577 568 2612; x_wconf 87' lang='lat' dir='ltr'>de</span> <span class='ocrx_word' id='word_1_215' title='bbox 599 2577 698 2613; x_wconf 83' lang='lat' dir='ltr'>hisce</span> <span class='ocrx_word' id='word_1_216' title='bbox 724 2576 930 2622; x_wconf 85' lang='lat' dir='ltr'>compositis</span> <span class='ocrx_word' id='word_1_217' title='bbox 957 2587 1033 2622; x_wconf 71' lang='lat' dir='ltr'>cap.</span> <span class='ocrx_word' id='word_1_218' title='bbox 1059 2577 1107 2612; x_wconf 94' lang='grc' dir='ltr'>ΙΙ.</span> <span class='ocrx_word' id='word_1_219' title='bbox 1133 2577 1202 2613; x_wconf 88' lang='lat' dir='ltr'>litt.</span> <span class='ocrx_word' id='word_1_220' title='bbox 1229 2576 1269 2612; x_wconf 84' lang='lat' dir='ltr'>C.</span> <span class='ocrx_word' id='word_1_221' title='bbox 1297 2577 1317 2620; x_wconf 67' lang='grc' dir='ltr'><strong>ξ</strong></span> <span class='ocrx_word' id='word_1_222' title='bbox 1344 2579 1375 2613; x_wconf 89' lang='grc'>3.</span> 
     </span>
     <span class='ocr_line' id='line_1_34' title="bbox 388 2637 1092 2684; baseline -0.003 -10"><span class='ocrx_word' id='word_1_223' title='bbox 388 2640 425 2683; x_wconf 86' lang='grc'>2)</span> <span class='ocrx_word' id='word_1_224' title='bbox 450 2638 496 2672; x_wconf 76' lang='lat' dir='ltr'>cf.</span> <span class='ocrx_word' id='word_1_225' title='bbox 520 2638 634 2684; x_wconf 87' lang='lat' dir='ltr'>Bopp,</span> <span class='ocrx_word' id='word_1_226' title='bbox 659 2637 743 2682; x_wconf 85' lang='lat' dir='ltr'>Vgl.</span> <span class='ocrx_word' id='word_1_227' title='bbox 769 2638 926 2673; x_wconf 82' lang='lat' dir='ltr'>Gramm.</span> <span class='ocrx_word' id='word_1_228' title='bbox 951 2648 986 2682; x_wconf 89' lang='lat' dir='ltr'>p.</span> <span class='ocrx_word' id='word_1_229' title='bbox 1013 2639 1092 2672; x_wconf 84' lang='lat'>544.</span> 
     </span>
    </p>
   </div>
  </div>
 </body>
</html>
