<?xml version="1.0" encoding="UTF-8"?>
<!DOCTYPE html PUBLIC "-//W3C//DTD XHTML 1.0 Transitional//EN"
    "http://www.w3.org/TR/xhtml1/DTD/xhtml1-transitional.dtd">
<html xmlns="http://www.w3.org/1999/xhtml" xml:lang="en" lang="en">
 <head>
  <title>
</title>
<meta http-equiv="Content-Type" content="text/html;charset=utf-8" />
  <meta name='ocr-system' content='tesseract 3.04.00' />
  <meta name='ocr-capabilities' content='ocr_page ocr_carea ocr_par ocr_line ocrx_word'/>
</head>
<body>
  <div class='ocr_page' id='page_1' title='image "4737817_0016.png"; bbox 0 0 1996 3071; ppageno 0'>
   <div class='ocr_carea' id='block_1_1' title="bbox 291 191 1705 467">
    <p class='ocr_par' dir='ltr' id='par_1_1' title="bbox 291 191 1705 467">
     <span class='ocr_line' id='line_1_1' title="bbox 880 191 994 262; baseline 0 0"><span class='ocrx_word' id='word_1_1' title='bbox 880 191 883 192; x_wconf 35' lang='lat'><em>⁷</em></span> <span class='ocrx_word' id='word_1_2' title='bbox 966 221 994 262; x_wconf 82' lang='lat'><em>9</em></span> 
     </span>
     <span class='ocr_line' id='line_1_2' title="bbox 292 317 1705 397; baseline -0.004 -14"><span class='ocrx_word' id='word_1_3' title='bbox 292 317 635 384; x_wconf 79' lang='lat' dir='ltr'><strong>determinativis</strong></span> <span class='ocrx_word' id='word_1_4' title='bbox 664 340 786 397; x_wconf 84' lang='grc' dir='ltr'>(ΠΙ),</span> <span class='ocrx_word' id='word_1_5' title='bbox 818 339 1067 395; x_wconf 83' lang='lat' dir='ltr'><strong>compositis</strong></span> <span class='ocrx_word' id='word_1_6' title='bbox 1095 331 1323 394; x_wconf 81' lang='lat' dir='ltr'><strong>regiminis</strong></span> <span class='ocrx_word' id='word_1_7' title='bbox 1350 336 1455 391; x_wconf 86' lang='lat' dir='ltr'><strong>(IV)</strong></span> <span class='ocrx_word' id='word_1_8' title='bbox 1485 335 1605 378; x_wconf 82' lang='lat' dir='ltr'><strong>nulla</strong></span> <span class='ocrx_word' id='word_1_9' title='bbox 1636 339 1705 378; x_wconf 83' lang='lat' dir='ltr'><strong>est</strong></span> 
     </span>
     <span class='ocr_line' id='line_1_3' title="bbox 291 406 1701 467; baseline -0.004 -13"><span class='ocrx_word' id='word_1_10' title='bbox 291 411 532 456; x_wconf 79' lang='lat' dir='ltr'><strong>diversitas.</strong></span> <span class='ocrx_word' id='word_1_11' title='bbox 594 411 791 455; x_wconf 85' lang='lat' dir='ltr'><strong>Curtium</strong></span> <span class='ocrx_word' id='word_1_12' title='bbox 829 414 1069 467; x_wconf 89' lang='lat' dir='ltr'><strong>sequuntur</strong></span> <span class='ocrx_word' id='word_1_13' title='bbox 1119 408 1349 451; x_wconf 87' lang='lat' dir='ltr'><strong>Berchius:</strong></span> <span class='ocrx_word' id='word_1_14' title='bbox 1404 406 1584 462; x_wconf 87' lang='lat' dir='ltr'><strong>„Ueber</strong></span> <span class='ocrx_word' id='word_1_15' title='bbox 1630 406 1701 449; x_wconf 90' lang='lat' dir='ltr'><strong>die</strong></span> 
     </span>
    </p>
   </div>
   <div class='ocr_carea' id='block_1_2' title="bbox 287 477 1727 611">
    <p class='ocr_par' dir='ltr' id='par_1_2' title="bbox 287 477 1727 611">
     <span class='ocr_line' id='line_1_4' title="bbox 290 477 1727 538; baseline -0.002 -13"><span class='ocrx_word' id='word_1_16' title='bbox 290 481 583 538; x_wconf 71' lang='lat' dir='ltr'><strong>composition</strong></span> <span class='ocrx_word' id='word_1_17' title='bbox 610 481 687 524; x_wconf 91' lang='lat' dir='ltr'><strong>der</strong></span> <span class='ocrx_word' id='word_1_18' title='bbox 698 480 749 523; x_wconf 68' lang='lat' dir='ltr'><strong>,N</strong></span> <span class='ocrx_word' id='word_1_19' title='bbox 750 480 894 523; x_wconf 83' lang='lat' dir='ltr'><strong>omina</strong></span> <span class='ocrx_word' id='word_1_20' title='bbox 914 480 960 522; x_wconf 87' lang='lat' dir='ltr'><strong>in</strong></span> <span class='ocrx_word' id='word_1_21' title='bbox 981 478 1065 522; x_wconf 92' lang='lat' dir='ltr'><strong>den</strong></span> <span class='ocrx_word' id='word_1_22' title='bbox 1087 478 1385 521; x_wconf 86' lang='lat' dir='ltr'><strong>homerischen</strong></span> <span class='ocrx_word' id='word_1_23' title='bbox 1407 477 1701 534; x_wconf 85' lang='lat' dir='ltr'><strong>Gedichten“;</strong></span> <span class='ocrx_word' id='word_1_24' title='bbox 1720 490 1727 504; x_wconf 67' lang='lat'>³</span> 
     </span>
     <span class='ocr_line' id='line_1_5' title="bbox 287 549 1700 611; baseline -0.002 -15"><span class='ocrx_word' id='word_1_25' title='bbox 287 553 511 611; x_wconf 79' lang='lat' dir='ltr'><strong>Jasperus:</strong></span> <span class='ocrx_word' id='word_1_26' title='bbox 550 552 666 607; x_wconf 89' lang='lat' dir='ltr'><strong>„Zur</strong></span> <span class='ocrx_word' id='word_1_27' title='bbox 697 550 840 595; x_wconf 90' lang='lat' dir='ltr'><strong>Lehre</strong></span> <span class='ocrx_word' id='word_1_28' title='bbox 871 564 956 594; x_wconf 84' lang='lat' dir='ltr'><strong>von</strong></span> <span class='ocrx_word' id='word_1_29' title='bbox 987 549 1064 594; x_wconf 88' lang='lat' dir='ltr'><strong>der</strong></span> <span class='ocrx_word' id='word_1_30' title='bbox 1101 550 1548 606; x_wconf 83' lang='lat' dir='ltr'><strong>Zusammensetzung</strong></span> <span class='ocrx_word' id='word_1_31' title='bbox 1584 551 1700 606; x_wconf 90' lang='lat' dir='ltr'><strong>grie-</strong></span> 
     </span>
    </p>
   </div>
   <div class='ocr_carea' id='block_1_3' title="bbox 197 621 1692 679">
    <p class='ocr_par' dir='ltr' id='par_1_3' title="bbox 197 621 1692 679">
     <span class='ocr_line' id='line_1_6' title="bbox 197 621 1692 679; baseline -0.003 -11"><span class='ocrx_word' id='word_1_32' title='bbox 197 669 201 673; x_wconf 70' lang='lat'>,</span> <span class='ocrx_word' id='word_1_33' title='bbox 284 624 478 668; x_wconf 87' lang='lat' dir='ltr'><strong>chischer</strong></span> <span class='ocrx_word' id='word_1_34' title='bbox 508 624 737 679; x_wconf 85' lang='lat' dir='ltr'><strong>Nomina“,</strong></span> <span class='ocrx_word' id='word_1_35' title='bbox 769 621 930 666; x_wconf 85' lang='lat' dir='ltr'><strong>Altona</strong></span> <span class='ocrx_word' id='word_1_36' title='bbox 964 624 1096 679; x_wconf 82' lang='lat'>18683</span> <span class='ocrx_word' id='word_1_37' title='bbox 1135 622 1401 678; x_wconf 79' lang='lat' dir='ltr'><strong>Sannegius:</strong></span> <span class='ocrx_word' id='word_1_38' title='bbox 1436 621 1533 676; x_wconf 87' lang='lat' dir='ltr'><strong>„De</strong></span> <span class='ocrx_word' id='word_1_39' title='bbox 1565 635 1692 665; x_wconf 84' lang='lat' dir='ltr'><strong>voca-</strong></span> 
     </span>
    </p>
   </div>
   <div class='ocr_carea' id='block_1_4' title="bbox 197 692 1696 2379">
    <p class='ocr_par' dir='ltr' id='par_1_4' title="bbox 197 692 1696 1951">
     <span class='ocr_line' id='line_1_7' title="bbox 283 692 1696 754; baseline -0.002 -16"><span class='ocrx_word' id='word_1_40' title='bbox 283 695 484 740; x_wconf 89' lang='lat' dir='ltr'><strong>bulorum</strong></span> <span class='ocrx_word' id='word_1_41' title='bbox 503 695 814 754; x_wconf 82' lang='lat' dir='ltr'><strong>compositione</strong></span> <span class='ocrx_word' id='word_1_42' title='bbox 837 694 1005 738; x_wconf 79' lang='lat' dir='ltr'><strong>Graeca</strong></span> <span class='ocrx_word' id='word_1_43' title='bbox 1026 692 1259 751; x_wconf 72' lang='lat' dir='ltr'><strong>praecipue</strong></span> <span class='ocrx_word' id='word_1_44' title='bbox 1280 692 1541 750; x_wconf 79' lang='lat' dir='ltr'><strong>Aeschylea,</strong></span> <span class='ocrx_word' id='word_1_45' title='bbox 1563 692 1696 736; x_wconf 83' lang='lat' dir='ltr'><strong>Halle</strong></span> 
     </span>
     <span class='ocr_line' id='line_1_8' title="bbox 288 764 1694 822; baseline -0.002 -13"><span class='ocrx_word' id='word_1_46' title='bbox 288 768 447 822; x_wconf 84' lang='lat'>1865“;</span> <span class='ocrx_word' id='word_1_47' title='bbox 478 767 728 809; x_wconf 87' lang='lat' dir='ltr'><strong>Lissnerus:</strong></span> <span class='ocrx_word' id='word_1_48' title='bbox 768 766 947 820; x_wconf 88' lang='lat' dir='ltr'><strong>„Ueber</strong></span> <span class='ocrx_word' id='word_1_49' title='bbox 978 765 1048 808; x_wconf 92' lang='lat' dir='ltr'><strong>die</strong></span> <span class='ocrx_word' id='word_1_50' title='bbox 1081 765 1368 807; x_wconf 85' lang='lat' dir='ltr'><strong>lateinischen</strong></span> <span class='ocrx_word' id='word_1_51' title='bbox 1400 764 1694 820; x_wconf 85' lang='lat' dir='ltr'><strong>Composita“,</strong></span> 
     </span>
     <span class='ocr_line' id='line_1_9' title="bbox 249 834 1695 894; baseline -0.002 -14"><span class='ocrx_word' id='word_1_52' title='bbox 249 886 251 890; x_wconf 25' lang='lat'><strong><em>¹</em></strong></span> <span class='ocrx_word' id='word_1_53' title='bbox 283 836 508 894; x_wconf 82' lang='lat' dir='ltr'><strong>Gymnasii</strong></span> <span class='ocrx_word' id='word_1_54' title='bbox 545 850 689 894; x_wconf 83' lang='lat' dir='ltr'><strong>progr.</strong></span> <span class='ocrx_word' id='word_1_55' title='bbox 726 836 845 893; x_wconf 85' lang='lat' dir='ltr'><strong>Eger</strong></span> <span class='ocrx_word' id='word_1_56' title='bbox 867 837 1003 879; x_wconf 84' lang='lat'><strong>¹1855.</strong></span> <span class='ocrx_word' id='word_1_57' title='bbox 1066 835 1199 878; x_wconf 85' lang='lat' dir='ltr'><strong>Haud</strong></span> <span class='ocrx_word' id='word_1_58' title='bbox 1236 836 1366 891; x_wconf 91' lang='lat' dir='ltr'><strong>longe</strong></span> <span class='ocrx_word' id='word_1_59' title='bbox 1397 834 1451 877; x_wconf 81' lang='lat' dir='ltr'><strong>ab</strong></span> <span class='ocrx_word' id='word_1_60' title='bbox 1491 834 1572 878; x_wconf 83' lang='lat' dir='ltr'><strong>hac</strong></span> <span class='ocrx_word' id='word_1_61' title='bbox 1610 834 1695 877; x_wconf 90' lang='lat' dir='ltr'><strong>dis-</strong></span> 
     </span>
     <span class='ocr_line' id='line_1_10' title="bbox 265 907 1455 964; baseline -0.001 -15"><span class='ocrx_word' id='word_1_62' title='bbox 265 907 517 951; x_wconf 78' lang='lat' dir='ltr'><strong>tributione</strong></span> <span class='ocrx_word' id='word_1_63' title='bbox 549 907 720 950; x_wconf 78' lang='lat' dir='ltr'><strong>decedit</strong></span> <span class='ocrx_word' id='word_1_64' title='bbox 750 907 996 964; x_wconf 88' lang='lat' dir='ltr'><strong>Udolphius</strong></span> <span class='ocrx_word' id='word_1_65' title='bbox 1028 908 1073 949; x_wconf 93' lang='lat' dir='ltr'><strong>in</strong></span> <span class='ocrx_word' id='word_1_66' title='bbox 1103 907 1200 950; x_wconf 84' lang='lat' dir='ltr'><strong>libr.</strong></span> <span class='ocrx_word' id='word_1_67' title='bbox 1233 919 1455 949; x_wconf 85' lang='lat' dir='ltr'><strong>commem.</strong></span> 
     </span>
     <span class='ocr_line' id='line_1_11' title="bbox 369 977 1692 1037; baseline -0.001 -16"><span class='ocrx_word' id='word_1_68' title='bbox 369 979 515 1022; x_wconf 80' lang='lat' dir='ltr'><strong>Pauca</strong></span> <span class='ocrx_word' id='word_1_69' title='bbox 536 979 589 1021; x_wconf 91' lang='lat' dir='ltr'><strong>de</strong></span> <span class='ocrx_word' id='word_1_70' title='bbox 622 978 754 1022; x_wconf 87' lang='lat' dir='ltr'><strong>Justii</strong></span> <span class='ocrx_word' id='word_1_71' title='bbox 781 978 1084 1022; x_wconf 79' lang='lat' dir='ltr'><strong>distributione</strong></span> <span class='ocrx_word' id='word_1_72' title='bbox 1115 977 1447 1037; x_wconf 68' lang='lat' dir='ltr'><strong>profe1·antur¹),⁴</strong></span> <span class='ocrx_word' id='word_1_73' title='bbox 1479 978 1553 1035; x_wconf 93' lang='lat' dir='ltr'><strong>qui</strong></span> <span class='ocrx_word' id='word_1_74' title='bbox 1585 977 1692 1020; x_wconf 86' lang='lat' dir='ltr'><strong>duos</strong></span> 
     </span>
     <span class='ocr_line' id='line_1_12' title="bbox 283 1048 1500 1107; baseline -0.002 -15"><span class='ocrx_word' id='word_1_75' title='bbox 283 1054 450 1092; x_wconf 84' lang='lat' dir='ltr'><strong>tantum</strong></span> <span class='ocrx_word' id='word_1_76' title='bbox 481 1050 653 1092; x_wconf 84' lang='lat' dir='ltr'><strong>ordines</strong></span> <span class='ocrx_word' id='word_1_77' title='bbox 684 1050 841 1106; x_wconf 83' lang='lat' dir='ltr'><strong>posuit,</strong></span> <span class='ocrx_word' id='word_1_78' title='bbox 874 1049 1030 1106; x_wconf 90' lang='lat' dir='ltr'><strong>quibus</strong></span> <span class='ocrx_word' id='word_1_79' title='bbox 1061 1053 1229 1095; x_wconf 84' lang='lat' dir='ltr'><strong>ceteros</strong></span> <span class='ocrx_word' id='word_1_80' title='bbox 1261 1048 1500 1107; x_wconf 38' lang='lat' dir='ltr'><strong>subiunxit..</strong></span> 
     </span>
     <span class='ocr_line' id='line_1_13' title="bbox 369 1110 1693 1179; baseline 0 -16"><span class='ocrx_word' id='word_1_81' title='bbox 369 1121 563 1163; x_wconf 90' lang='lat' dir='ltr'><strong>Primum</strong></span> <span class='ocrx_word' id='word_1_82' title='bbox 595 1121 710 1178; x_wconf 82' lang='lat' dir='ltr'><strong>enim</strong></span> <span class='ocrx_word' id='word_1_83' title='bbox 741 1120 1043 1177; x_wconf 82' lang='lat' dir='ltr'><strong>copulativam,</strong></span> <span class='ocrx_word' id='word_1_84' title='bbox 1062 1110 1194 1177; x_wconf 66' lang='lat' dir='ltr'><strong>’quae</strong></span> <span class='ocrx_word' id='word_1_85' title='bbox 1223 1124 1416 1176; x_wconf 81' lang='lat' dir='ltr'><strong>vocatur,</strong></span> <span class='ocrx_word' id='word_1_86' title='bbox 1448 1121 1693 1179; x_wconf 85' lang='lat' dir='ltr'><strong>compositi—</strong></span> 
     </span>
     <span class='ocr_line' id='line_1_14' title="bbox 283 1185 1694 1248; baseline -0.001 -13"><span class='ocrx_word' id='word_1_87' title='bbox 283 1207 409 1235; x_wconf 89' lang='lat' dir='ltr'><strong>onem</strong></span> <span class='ocrx_word' id='word_1_88' title='bbox 456 1196 500 1235; x_wconf 86' lang='lat' dir='ltr'><strong>et</strong></span> <span class='ocrx_word' id='word_1_89' title='bbox 545 1192 921 1235; x_wconf 83' lang='lat' dir='ltr'><strong>determinativam</strong></span> <span class='ocrx_word' id='word_1_90' title='bbox 968 1192 1054 1246; x_wconf 89' lang='lat' dir='ltr'><strong>(cui</strong></span> <span class='ocrx_word' id='word_1_91' title='bbox 1094 1191 1317 1247; x_wconf 89' lang='lat' dir='ltr'><strong>subiungit</strong></span> <span class='ocrx_word' id='word_1_92' title='bbox 1354 1191 1513 1248; x_wconf 91' lang='lat' dir='ltr'><strong>Boppii</strong></span> <span class='ocrx_word' id='word_1_93' title='bbox 1556 1185 1694 1248; x_wconf 89' lang='lat' dir='ltr'><strong>comp.</strong></span> 
     </span>
     <span class='ocr_line' id='line_1_15' title="bbox 281 1262 1692 1319; baseline -0.001 -14"><span class='ocrx_word' id='word_1_94' title='bbox 281 1262 614 1306; x_wconf 83' lang='lat' dir='ltr'><strong>determinativa</strong></span> <span class='ocrx_word' id='word_1_95' title='bbox 652 1262 773 1318; x_wconf 88' lang='grc' dir='ltr'>(ΙΙΙ),</span> <span class='ocrx_word' id='word_1_96' title='bbox 814 1276 950 1319; x_wconf 86' lang='lat' dir='ltr'><strong>comp.</strong></span> <span class='ocrx_word' id='word_1_97' title='bbox 989 1263 1141 1317; x_wconf 88' lang='lat' dir='ltr'><strong>regim.</strong></span> <span class='ocrx_word' id='word_1_98' title='bbox 1182 1262 1297 1317; x_wconf 84' lang='lat' dir='ltr'>(IV),</span> <span class='ocrx_word' id='word_1_99' title='bbox 1345 1276 1483 1319; x_wconf 87' lang='lat' dir='ltr'><strong>comp.</strong></span> <span class='ocrx_word' id='word_1_100' title='bbox 1523 1262 1692 1304; x_wconf 77' lang='lat' dir='ltr'><strong>collect.</strong></span> 
     </span>
     <span class='ocr_line' id='line_1_16' title="bbox 197 1322 1692 1389; baseline -0.001 -13"><span class='ocrx_word' id='word_1_101' title='bbox 197 1322 202 1326; x_wconf 42' lang='lat'><strong>⁴</strong></span> <span class='ocrx_word' id='word_1_102' title='bbox 282 1334 341 1388; x_wconf 82' lang='lat' dir='ltr'><strong>(V</strong></span> <span class='ocrx_word' id='word_1_103' title='bbox 342 1335 359 1388; x_wconf 95' lang='lat'><em>)</em></span> <span class='ocrx_word' id='word_1_104' title='bbox 390 1334 624 1388; x_wconf 83' lang='lat' dir='ltr'><strong>coniungit,</strong></span> <span class='ocrx_word' id='word_1_105' title='bbox 664 1338 714 1375; x_wconf 93' lang='lat' dir='ltr'><strong>ut</strong></span> <span class='ocrx_word' id='word_1_106' title='bbox 743 1334 796 1375; x_wconf 92' lang='lat' dir='ltr'><strong>iis</strong></span> <span class='ocrx_word' id='word_1_107' title='bbox 827 1332 1005 1375; x_wconf 88' lang='lat' dir='ltr'><strong>inferior</strong></span> <span class='ocrx_word' id='word_1_108' title='bbox 1036 1334 1358 1389; x_wconf 89' lang='lat' dir='ltr'><strong>compositionis</strong></span> <span class='ocrx_word' id='word_1_109' title='bbox 1389 1332 1550 1389; x_wconf 85' lang='lat' dir='ltr'><strong>gradus</strong></span> <span class='ocrx_word' id='word_1_110' title='bbox 1582 1334 1692 1388; x_wconf 89' lang='lat' dir='ltr'><strong>(nie-</strong></span> 
     </span>
     <span class='ocr_line' id='line_1_17' title="bbox 282 1401 1691 1457; baseline 0 -13"><span class='ocrx_word' id='word_1_111' title='bbox 282 1402 383 1446; x_wconf 86' lang='lat' dir='ltr'><strong>dere</strong></span> <span class='ocrx_word' id='word_1_112' title='bbox 414 1401 498 1445; x_wconf 83' lang='lat' dir='ltr'><strong>Art</strong></span> <span class='ocrx_word' id='word_1_113' title='bbox 518 1402 594 1444; x_wconf 89' lang='lat' dir='ltr'><strong>der</strong></span> <span class='ocrx_word' id='word_1_114' title='bbox 621 1401 1084 1457; x_wconf 77' lang='lat' dir='ltr'><strong>zusammensetzung)</strong></span> <span class='ocrx_word' id='word_1_115' title='bbox 1115 1402 1340 1444; x_wconf 83' lang='lat' dir='ltr'><strong>efficiatur.</strong></span> <span class='ocrx_word' id='word_1_116' title='bbox 1403 1402 1527 1452; x_wconf 86' lang='lat' dir='ltr'><strong>Quae</strong></span> <span class='ocrx_word' id='word_1_117' title='bbox 1559 1403 1691 1445; x_wconf 85' lang='lat' dir='ltr'><strong>etiam</strong></span> 
     </span>
     <span class='ocr_line' id='line_1_18' title="bbox 282 1471 1689 1530; baseline 0.001 -15"><span class='ocrx_word' id='word_1_118' title='bbox 282 1477 513 1530; x_wconf 84' lang='lat' dir='ltr'><strong>supersunt</strong></span> <span class='ocrx_word' id='word_1_119' title='bbox 549 1473 881 1530; x_wconf 85' lang='lat' dir='ltr'><strong>compositorum</strong></span> <span class='ocrx_word' id='word_1_120' title='bbox 912 1486 1089 1528; x_wconf 83' lang='lat' dir='ltr'><strong>genera,</strong></span> <span class='ocrx_word' id='word_1_121' title='bbox 1121 1471 1279 1529; x_wconf 91' lang='lat' dir='ltr'><strong>Boppii</strong></span> <span class='ocrx_word' id='word_1_122' title='bbox 1311 1474 1560 1530; x_wconf 87' lang='lat' dir='ltr'><strong>compositis</strong></span> <span class='ocrx_word' id='word_1_123' title='bbox 1591 1487 1689 1530; x_wconf 88' lang='lat' dir='ltr'><strong>pos-</strong></span> 
     </span>
     <span class='ocr_line' id='line_1_19' title="bbox 282 1543 1690 1600; baseline 0 -14"><span class='ocrx_word' id='word_1_124' title='bbox 282 1557 386 1586; x_wconf 86' lang='lat' dir='ltr'><strong>sess.</strong></span> <span class='ocrx_word' id='word_1_125' title='bbox 419 1543 502 1598; x_wconf 86' lang='grc' dir='ltr'>(ΙΙ)</span> <span class='ocrx_word' id='word_1_126' title='bbox 535 1548 579 1586; x_wconf 85' lang='lat' dir='ltr'><strong>et</strong></span> <span class='ocrx_word' id='word_1_127' title='bbox 609 1543 845 1586; x_wconf 83' lang='lat' dir='ltr'><strong>adverbial.</strong></span> <span class='ocrx_word' id='word_1_128' title='bbox 878 1556 1014 1599; x_wconf 88' lang='lat' dir='ltr'><strong>comp.</strong></span> <span class='ocrx_word' id='word_1_129' title='bbox 1046 1543 1148 1597; x_wconf 90' lang='lat' dir='ltr'><strong>(VI)</strong></span> <span class='ocrx_word' id='word_1_130' title='bbox 1180 1544 1372 1599; x_wconf 88' lang='lat' dir='ltr'><strong>seiungit</strong></span> <span class='ocrx_word' id='word_1_131' title='bbox 1402 1543 1457 1586; x_wconf 83' lang='lat' dir='ltr'><strong>ab</strong></span> <span class='ocrx_word' id='word_1_132' title='bbox 1489 1544 1584 1587; x_wconf 86' lang='lat' dir='ltr'><strong>istis</strong></span> <span class='ocrx_word' id='word_1_133' title='bbox 1615 1557 1690 1600; x_wconf 84' lang='lat' dir='ltr'><strong>ge-</strong></span> 
     </span>
     <span class='ocr_line' id='line_1_20' title="bbox 280 1614 1690 1670; baseline 0.001 -14"><span class='ocrx_word' id='word_1_134' title='bbox 280 1615 454 1657; x_wconf 87' lang='lat' dir='ltr'><strong>neribus</strong></span> <span class='ocrx_word' id='word_1_135' title='bbox 487 1620 531 1656; x_wconf 85' lang='lat' dir='ltr'><strong>et</strong></span> <span class='ocrx_word' id='word_1_136' title='bbox 562 1615 782 1670; x_wconf 87' lang='lat' dir='ltr'><strong>superiore</strong></span> <span class='ocrx_word' id='word_1_137' title='bbox 822 1614 1006 1670; x_wconf 83' lang='lat' dir='ltr'><strong>quadam</strong></span> <span class='ocrx_word' id='word_1_138' title='bbox 1038 1615 1360 1670; x_wconf 84' lang='lat' dir='ltr'><strong>compositionis</strong></span> <span class='ocrx_word' id='word_1_139' title='bbox 1391 1616 1560 1658; x_wconf 84' lang='lat' dir='ltr'><strong>ratione</strong></span> <span class='ocrx_word' id='word_1_140' title='bbox 1591 1616 1690 1657; x_wconf 88' lang='lat' dir='ltr'><strong>ficta</strong></span> 
     </span>
     <span class='ocr_line' id='line_1_21' title="bbox 278 1680 1687 1742; baseline 0 -15"><span class='ocrx_word' id='word_1_141' title='bbox 278 1688 404 1742; x_wconf 85' lang='lat' dir='ltr'><strong>putat</strong></span> <span class='ocrx_word' id='word_1_142' title='bbox 434 1685 612 1740; x_wconf 75' lang='lat' dir='ltr'><strong>(hohere</strong></span> <span class='ocrx_word' id='word_1_143' title='bbox 654 1680 746 1726; x_wconf 70' lang='lat' dir='ltr'><strong>Art&#39;</strong></span> <span class='ocrx_word' id='word_1_144' title='bbox 773 1684 851 1727; x_wconf 88' lang='lat' dir='ltr'><strong>der</strong></span> <span class='ocrx_word' id='word_1_145' title='bbox 886 1685 1363 1742; x_wconf 84' lang='lat' dir='ltr'><strong>Zusammensetzung).</strong></span> <span class='ocrx_word' id='word_1_146' title='bbox 1426 1684 1514 1728; x_wconf 88' lang='lat' dir='ltr'><strong>Sed</strong></span> <span class='ocrx_word' id='word_1_147' title='bbox 1551 1684 1687 1742; x_wconf 89' lang='lat' dir='ltr'><strong>pluri-</strong></span> 
     </span>
     <span class='ocr_line' id='line_1_22' title="bbox 280 1756 1688 1813; baseline 0.001 -15"><span class='ocrx_word' id='word_1_148' title='bbox 280 1757 359 1799; x_wconf 90' lang='lat' dir='ltr'><strong>bus</strong></span> <span class='ocrx_word' id='word_1_149' title='bbox 391 1756 444 1799; x_wconf 90' lang='lat' dir='ltr'><strong>de</strong></span> <span class='ocrx_word' id='word_1_150' title='bbox 475 1757 553 1799; x_wconf 80' lang='lat' dir='ltr'><strong>hac</strong></span> <span class='ocrx_word' id='word_1_151' title='bbox 585 1757 796 1812; x_wconf 85' lang='lat' dir='ltr'><strong>singulari</strong></span> <span class='ocrx_word' id='word_1_152' title='bbox 829 1756 1002 1813; x_wconf 90' lang='lat' dir='ltr'><strong>quidem</strong></span> <span class='ocrx_word' id='word_1_153' title='bbox 1039 1756 1116 1800; x_wconf 89' lang='lat' dir='ltr'><strong>sed</strong></span> <span class='ocrx_word' id='word_1_154' title='bbox 1146 1771 1203 1799; x_wconf 82' lang='lat' dir='ltr'><strong>ex</strong></span> <span class='ocrx_word' id='word_1_155' title='bbox 1234 1757 1441 1800; x_wconf 90' lang='lat' dir='ltr'><strong>Indorum</strong></span> <span class='ocrx_word' id='word_1_156' title='bbox 1471 1771 1589 1801; x_wconf 89' lang='lat' dir='ltr'><strong>more</strong></span> <span class='ocrx_word' id='word_1_157' title='bbox 1621 1771 1688 1800; x_wconf 89' lang='lat' dir='ltr'><strong>re-</strong></span> 
     </span>
     <span class='ocr_line' id='line_1_23' title="bbox 279 1818 1688 1891; baseline 0 -21"><span class='ocrx_word' id='word_1_158' title='bbox 279 1826 562 1870; x_wconf 85' lang='lat' dir='ltr'><strong>strictioribus</strong></span> <span class='ocrx_word' id='word_1_159' title='bbox 595 1826 773 1870; x_wconf 64' lang='lat' dir='ltr'><strong>=finibus</strong></span> <span class='ocrx_word' id='word_1_160' title='bbox 825 1818 1001 1884; x_wconf 73' lang='lat' dir='ltr'><strong>Peracta</strong></span> <span class='ocrx_word' id='word_1_161' title='bbox 1062 1827 1365 1891; x_wconf 87' lang='lat' dir='ltr'><strong>distributione</strong></span> <span class='ocrx_word' id='word_1_162' title='bbox 1418 1842 1550 1885; x_wconf 88' lang='lat' dir='ltr'><strong>agere</strong></span> <span class='ocrx_word' id='word_1_163' title='bbox 1603 1842 1688 1871; x_wconf 92' lang='lat' dir='ltr'><strong>non</strong></span> 
     </span>
     <span class='ocr_line' id='line_1_24' title="bbox 274 1891 710 1951; baseline 0.007 -14"><span class='ocrx_word' id='word_1_164' title='bbox 274 1895 430 1951; x_wconf 80' lang='lat' dir='ltr'><strong>licet.²)</strong></span> <span class='ocrx_word' id='word_1_165' title='bbox 706 1891 710 1895; x_wconf 72' lang='grc'><strong>’</strong></span> 
     </span>
    </p>

    <p class='ocr_par' dir='ltr' id='par_1_5' title="bbox 277 1966 1689 2379">
     <span class='ocr_line' id='line_1_25' title="bbox 368 1966 1685 2027; baseline 0.002 -18"><span class='ocrx_word' id='word_1_166' title='bbox 368 1967 588 2009; x_wconf 81' lang='lat' dir='ltr'><strong>Similibus</strong></span> <span class='ocrx_word' id='word_1_167' title='bbox 620 1966 873 2024; x_wconf 83' lang='lat' dir='ltr'><strong>rationibus,</strong></span> <span class='ocrx_word' id='word_1_168' title='bbox 912 1967 1067 2024; x_wconf 89' lang='lat' dir='ltr'><strong>quibus</strong></span> <span class='ocrx_word' id='word_1_169' title='bbox 1106 1967 1288 2025; x_wconf 79' lang='lat' dir='ltr'><strong>Justius,</strong></span> <span class='ocrx_word' id='word_1_170' title='bbox 1328 1969 1464 2027; x_wconf 89' lang='lat' dir='ltr'><strong>Leop.</strong></span> <span class='ocrx_word' id='word_1_171' title='bbox 1505 1969 1685 2012; x_wconf 84' lang='lat' dir='ltr'><strong>Schroe-</strong></span> 
     </span>
     <span class='ocr_line' id='line_1_26' title="bbox 278 2037 1689 2096; baseline 0.003 -17"><span class='ocrx_word' id='word_1_172' title='bbox 278 2038 407 2080; x_wconf 89' lang='lat' dir='ltr'><strong>derus</strong></span> <span class='ocrx_word' id='word_1_173' title='bbox 439 2039 483 2079; x_wconf 88' lang='lat' dir='ltr'><strong>in</strong></span> <span class='ocrx_word' id='word_1_174' title='bbox 515 2038 641 2079; x_wconf 82' lang='lat' dir='ltr'><strong>libro:</strong></span> <span class='ocrx_word' id='word_1_175' title='bbox 676 2037 855 2090; x_wconf 88' lang='lat' dir='ltr'><strong>„Ueber</strong></span> <span class='ocrx_word' id='word_1_176' title='bbox 875 2039 945 2080; x_wconf 93' lang='lat' dir='ltr'><strong>die</strong></span> <span class='ocrx_word' id='word_1_177' title='bbox 977 2038 1173 2082; x_wconf 90' lang='lat' dir='ltr'><strong>formelle</strong></span> <span class='ocrx_word' id='word_1_178' title='bbox 1210 2040 1590 2096; x_wconf 89' lang='lat' dir='ltr'><strong>Unterscheidung</strong></span> <span class='ocrx_word' id='word_1_179' title='bbox 1611 2041 1689 2083; x_wconf 89' lang='lat' dir='ltr'><strong>der</strong></span> 
     </span>
     <span class='ocr_line' id='line_1_27' title="bbox 277 2107 1687 2168; baseline 0.002 -16"><span class='ocrx_word' id='word_1_180' title='bbox 277 2107 537 2152; x_wconf 89' lang='lat' dir='ltr'><strong>Redetheile</strong></span> <span class='ocrx_word' id='word_1_181' title='bbox 569 2107 628 2150; x_wconf 91' lang='lat' dir='ltr'><strong>im</strong></span> <span class='ocrx_word' id='word_1_182' title='bbox 660 2107 969 2152; x_wconf 78' lang='lat' dir='ltr'><strong>Griechischen</strong></span> <span class='ocrx_word' id='word_1_183' title='bbox 999 2108 1088 2152; x_wconf 92' lang='lat' dir='ltr'><strong>und</strong></span> <span class='ocrx_word' id='word_1_184' title='bbox 1124 2108 1462 2154; x_wconf 84' lang='lat' dir='ltr'><strong>Lateinischen“</strong></span> <span class='ocrx_word' id='word_1_185' title='bbox 1501 2110 1687 2168; x_wconf 82' lang='lat' dir='ltr'><strong>(Dorpat</strong></span> 
     </span>
     <span class='ocr_line' id='line_1_28' title="bbox 281 2179 1685 2234; baseline 0.004 -15"><span class='ocrx_word' id='word_1_186' title='bbox 281 2181 410 2233; x_wconf 81' lang='lat'>1874)</span> <span class='ocrx_word' id='word_1_187' title='bbox 442 2183 508 2220; x_wconf 88' lang='lat' dir='ltr'><strong>est</strong></span> <span class='ocrx_word' id='word_1_188' title='bbox 537 2179 781 2234; x_wconf 84' lang='lat' dir='ltr'><strong>perductus,</strong></span> <span class='ocrx_word' id='word_1_189' title='bbox 820 2184 870 2220; x_wconf 90' lang='lat' dir='ltr'><strong>ut</strong></span> <span class='ocrx_word' id='word_1_190' title='bbox 900 2185 1074 2222; x_wconf 83' lang='lat' dir='ltr'><strong>assueta</strong></span> <span class='ocrx_word' id='word_1_191' title='bbox 1106 2195 1254 2222; x_wconf 85' lang='lat' dir='ltr'><strong>norma</strong></span> <span class='ocrx_word' id='word_1_192' title='bbox 1293 2180 1580 2224; x_wconf 88' lang='lat' dir='ltr'><strong>distribuendi</strong></span> <span class='ocrx_word' id='word_1_193' title='bbox 1611 2197 1685 2224; x_wconf 85' lang='lat' dir='ltr'><strong>vo-</strong></span> 
     </span>
     <span class='ocr_line' id='line_1_29' title="bbox 277 2241 1685 2312; baseline 0.003 -19"><span class='ocrx_word' id='word_1_194' title='bbox 277 2249 432 2307; x_wconf 82' lang='lat' dir='ltr'><strong>cabula</strong></span> <span class='ocrx_word' id='word_1_195' title='bbox 484 2249 718 2308; x_wconf 83' lang='lat' dir='ltr'><strong>composita</strong></span> <span class='ocrx_word' id='word_1_196' title='bbox 749 2249 914 2307; x_wconf 80' lang='lat' dir='ltr'><strong>relicta,</strong></span> <span class='ocrx_word' id='word_1_197' title='bbox 956 2250 1062 2295; x_wconf 86' lang='lat' dir='ltr'><strong>duos</strong></span> <span class='ocrx_word' id='word_1_198' title='bbox 1098 2241 1274 2296; x_wconf 59' lang='lat' dir='ltr'><strong>&#39;ordines</strong></span> <span class='ocrx_word' id='word_1_199' title='bbox 1315 2257 1497 2312; x_wconf 84' lang='lat' dir='ltr'><strong>poneret</strong></span> <span class='ocrx_word' id='word_1_200' title='bbox 1532 2252 1603 2309; x_wconf 87' lang='lat' dir='ltr'><strong>(cf.</strong></span> <span class='ocrx_word' id='word_1_201' title='bbox 1643 2267 1685 2312; x_wconf 86' lang='lat' dir='ltr'><strong>p.</strong></span> 
     </span>
     <span class='ocr_line' id='line_1_30' title="bbox 277 2322 1687 2379; baseline 0.004 -18"><span class='ocrx_word' id='word_1_202' title='bbox 277 2322 392 2374; x_wconf 83' lang='lat'>203).</span> <span class='ocrx_word' id='word_1_203' title='bbox 465 2322 560 2375; x_wconf 75' lang='lat' dir='ltr'><strong>Qui,</strong></span> <span class='ocrx_word' id='word_1_204' title='bbox 593 2326 721 2376; x_wconf 85' lang='lat' dir='ltr'><strong>prout</strong></span> <span class='ocrx_word' id='word_1_205' title='bbox 751 2322 991 2364; x_wconf 89' lang='lat' dir='ltr'><strong>membrum</strong></span> <span class='ocrx_word' id='word_1_206' title='bbox 1021 2324 1236 2379; x_wconf 87' lang='lat' dir='ltr'><strong>porterius</strong></span> <span class='ocrx_word' id='word_1_207' title='bbox 1267 2325 1587 2379; x_wconf 87' lang='lat' dir='ltr'><strong>compositionis</strong></span> <span class='ocrx_word' id='word_1_208' title='bbox 1621 2330 1687 2366; x_wconf 87' lang='lat' dir='ltr'><strong>est</strong></span> 
     </span>
    </p>
   </div>
   <div class='ocr_carea' id='block_1_5' title="bbox 277 2451 552 2458">
    <p class='ocr_par' dir='ltr' id='par_1_6' title="bbox 277 2451 552 2458">
     <span class='ocr_line' id='line_1_31' title="bbox 277 2451 552 2458; baseline 0 613"><span class='ocrx_word' id='word_1_209' title='bbox 277 2451 552 2458; x_wconf 95' lang='lat' dir='ltr'><strong> </strong></span> 
     </span>
    </p>
   </div>
   <div class='ocr_carea' id='block_1_6' title="bbox 258 2532 1683 2744">
    <p class='ocr_par' dir='ltr' id='par_1_7' title="bbox 274 2532 1683 2635">
     <span class='ocr_line' id='line_1_32' title="bbox 349 2532 1683 2583; baseline 0.004 -18"><span class='ocrx_word' id='word_1_210' title='bbox 349 2535 382 2576; x_wconf 87' lang='lat'><strong>1)</strong></span> <span class='ocrx_word' id='word_1_211' title='bbox 410 2532 514 2566; x_wconf 83' lang='lat' dir='ltr'><strong>Ferd.</strong></span> <span class='ocrx_word' id='word_1_212' title='bbox 532 2533 690 2568; x_wconf 80' lang='lat' dir='ltr'><strong>Justius:</strong></span> <span class='ocrx_word' id='word_1_213' title='bbox 719 2534 808 2583; x_wconf 82' lang='lat' dir='ltr'><strong>„Die</strong></span> <span class='ocrx_word' id='word_1_214' title='bbox 830 2534 1198 2580; x_wconf 79' lang='lat' dir='ltr'><strong>Zusmnmensetzung</strong></span> <span class='ocrx_word' id='word_1_215' title='bbox 1214 2536 1277 2569; x_wconf 90' lang='lat' dir='ltr'><strong>der</strong></span> <span class='ocrx_word' id='word_1_216' title='bbox 1302 2535 1486 2569; x_wconf 78' lang='lat' dir='ltr'><strong>Nomina.“</strong></span> <span class='ocrx_word' id='word_1_217' title='bbox 1525 2536 1683 2571; x_wconf 27' lang='lat' dir='ltr'><strong>[Gottin-</strong></span> 
     </span>
     <span class='ocr_line' id='line_1_33' title="bbox 274 2588 473 2635; baseline 0 -11"><span class='ocrx_word' id='word_1_218' title='bbox 274 2600 344 2635; x_wconf 88' lang='lat' dir='ltr'><strong>gen</strong></span> <span class='ocrx_word' id='word_1_219' title='bbox 372 2588 473 2625; x_wconf 82' lang='lat'><strong>1861.</strong></span> 
     </span>
    </p>

    <p class='ocr_par' dir='ltr' id='par_1_8' title="bbox 258 2650 1678 2744">
     <span class='ocr_line' id='line_1_34' title="bbox 345 2650 1678 2700; baseline 0.004 -16"><span class='ocrx_word' id='word_1_220' title='bbox 345 2652 382 2693; x_wconf 85' lang='lat'><strong>2)</strong></span> <span class='ocrx_word' id='word_1_221' title='bbox 407 2651 451 2684; x_wconf 81' lang='lat' dir='ltr'><strong>cf.</strong></span> <span class='ocrx_word' id='word_1_222' title='bbox 477 2652 596 2685; x_wconf 84' lang='lat' dir='ltr'><strong>tamen</strong></span> <span class='ocrx_word' id='word_1_223' title='bbox 626 2650 848 2686; x_wconf 82' lang='lat' dir='ltr'><strong>Miklosischi</strong></span> <span class='ocrx_word' id='word_1_224' title='bbox 879 2653 1009 2688; x_wconf 78' lang='lat' dir='ltr'><strong>librum</strong></span> <span class='ocrx_word' id='word_1_225' title='bbox 1039 2654 1128 2697; x_wconf 84' lang='lat' dir='ltr'><strong>„Die</strong></span> <span class='ocrx_word' id='word_1_226' title='bbox 1153 2654 1331 2689; x_wconf 87' lang='lat' dir='ltr'><strong>nominale</strong></span> <span class='ocrx_word' id='word_1_227' title='bbox 1363 2654 1606 2700; x_wconf 78' lang='lat' dir='ltr'><strong>Composition</strong></span> <span class='ocrx_word' id='word_1_228' title='bbox 1633 2655 1678 2690; x_wconf 86' lang='lat' dir='ltr'><strong>im</strong></span> 
     </span>
     <span class='ocr_line' id='line_1_35' title="bbox 258 2708 517 2744; baseline 0 0"><span class='ocrx_word' id='word_1_229' title='bbox 258 2708 517 2744; x_wconf 72' lang='lat' dir='ltr'><strong>·Sorbisehen.⁴‘</strong></span> 
     </span>
    </p>
   </div>
  </div>
 </body>
</html>
