1996 3071
966 226 997 272 ⁷.

276 350 323 389 ut
369 333 673 404 ‘sol-stiti‘a'lis.',
730 346 1011 403 ‘desidiosus',
1065 360 1088 388 e
1135 346 1381 390 nominibus
1432 342 1680 404 compositis

276 417 550 473 ‘solstitium'‚
582 417 776 461 ‘desidia'
808 431 928 460 mera
950 417 1216 460 derivatione
1239 418 1394 460 suffixo
1416 417 1529 473 -alis,
1562 430 1680 459 ·osus
1721 407 1728 413 ⁵

274 488 418 532 addito
441 493 541 533 sunt
561 490 745 533 formata
775 509 829 519 —*
863 493 939 532 aut
966 493 1015 532 ut
1034 488 1247 532 vocabula
1267 488 1535 546 ‘per-vicax'‚
1569 488 1681 531 ‘con-

274 547 437 602 tinuus'
470 559 522 602 de
555 560 699 603 verbis
732 560 978 616 compositis
1019 560 1295 617 ‘pervincere‚
1327 558 1561 603 continere'
1599 559 1681 601 ori-

275 631 422 686 ginem
453 631 616 674 ducunt
648 656 702 663 ——
736 634 812 673 aut
833 631 1064 688 parathesi,
1097 635 1146 673 ut
1162 631 1334 686 obvius,
1365 631 1555 687 pervim,
1581 634 1682 672 sunt

274 690 387 743 fieta.
422 726 475 731 —-
1406 690 1410 694 ⁵

365 772 519 828 Neque
552 777 697 814 tamen
719 775 807 814 tam
837 773 985 827 magni
1006 773 1212 814 momenti
1232 773 1341 814 haec
1372 771 1682 815 adiectivorum

278 841 499 885 distinctio
532 842 638 885 mihi
671 846 739 884 est
767 843 874 897 visa,
906 846 955 885 ut
985 842 1030 885 in
1053 856 1105 885 ea
1135 842 1267 885 totius
1291 842 1554 899 quaestionis
1586 841 1681 884 fun-

275 912 522 958 damentum
555 914 678 971 quasi
710 914 1012 957 constituatur.
1074 913 1127 957 In
1158 913 1303 969 dubio,
1344 914 1563 969 confiteor,
1604 926 1682 970 per

276 984 453 1039 longum
486 989 657 1041 tempus
688 983 906 1039 versabar,
939 983 1143 1040 quidnam
1179 983 1409 1026 discrimen
1444 983 1681 1027 adiectivo-

281 1068 377 1096 rum
424 1055 759 1110 compositorum
802 1054 1073 1110 potissimum
1105 1058 1220 1096 esset
1265 1053 1512 1108 tenendum,
1557 1058 1608 1096 ut
1636 1055 1682 1096 in

277 1139 329 1168 eo
361 1128 453 1167 tota
485 1125 680 1181 quaestio
703 1128 954 1168 strueretur.
1017 1124 1151 1167 Vario
1174 1124 1289 1167 enim
1315 1124 1440 1167 modo
1470 1124 1553 1167 viri
1583 1123 1681 1167 doc-

275 1196 323 1251 ti,
357 1196 430 1251 qui
462 1196 507 1237 in
537 1196 603 1237 his
635 1195 764 1254 rebus
796 1196 1054 1246 auctoritate
1092 1195 1278 1252 quadam
1309 1195 1529 1252 conspicui
1567 1199 1680 1250 sunt,

276 1280 352 1324 pro
386 1280 462 1310 suo
502 1261 682 1324 quisque
720 1267 804 1310 fine
838 1266 1151 1310 distribuerunt
1184 1266 1394 1310 vocabula
1430 1267 1679 1324 composita.

278 1337 483 1393 Plerique
520 1351 623 1379 vero
662 1351 758 1379 eam
790 1337 1138 1380 distributionem
1175 1351 1336 1393 eorum,
1375 1351 1486 1394 quae
1517 1337 1572 1380 ab
1608 1338 1680 1379 In-

277 1407 342 1450 dis
381 1411 448 1450 est
469 1408 716 1464 constituta,
749 1412 1006 1464 sequuntur3
1039 1422 1096 1451 ex
1117 1409 1321 1452 interiore
1350 1409 1465 1451 enim
1496 1407 1681 1465 quadam

276 1479 442 1521 ratione
473 1478 685 1521 vocabula
706 1479 943 1536 composita
964 1492 1043 1521 sex
1072 1479 1294 1522 ordinibus
1325 1479 1534 1522 inserunt.
1594 1477 1680 1522 Re-

276 1550 514 1607 spiciantur
551 1550 797 1607 praecipue,
831 1549 1055 1607 „Benfeyz
1118 1549 1423 1606 Vollstfindige
1456 1549 1680 1593 Gramma-

275 1621 342 1664 tik
399 1621 476 1664 der
534 1620 913 1679 Sanskritspraehe
969 1622 1079 1664 1852
1136 1636 1177 1678 p.
1229 1622 1475 1665 251-281.
1534 1621 1679 1679 Bopp:

278 1692 628 1747 Vergleichende
676 1692 947 1734 Grammatik
992 1696 1073 1734 etc.
1120 1692 1204 1734 vol.
1251 1690 1344 1734 111²
1388 1706 1430 1748 p.
1479 1693 1564 1733 450
1595 1693 1681 1734 ss.“

277 1761 424 1819 Atque
457 1776 540 1819 quo
571 1763 711 1818 magis
733 1762 1028 1818 intellegatur,
1061 1762 1165 1818 quid
1186 1763 1243 1805 sit
1264 1776 1434 1818 causae,
1466 1776 1542 1805 cur
1571 1762 1681 1805 hanc

278 1832 625 1876 distributionem
669 1833 908 1888 reiecerim,
956 1832 1151 1876 adferam
1200 1825 1359 1891 Boppii
1409 1827 1555 1889 verba,
1608 1833 1682 1890 qui

277 1905 545 1960 singulorum
566 1918 776 1960 generum
799 1905 1055 1961 praecipuas
1087 1909 1211 1947 notas
1232 1905 1486 1948 brevissime
1515 1904 1683 1947 definiit

278 1979 324 2018 et
354 1975 700 2032 circumscripsit.
760 1974 984 2031 Disiungit
1014 1974 1167 2031 igitur:

347 2076 353 2081 ·
417 2047 453 2089 I.
487 2046 736 2104 Composita
768 2046 1016 2103 copulativa
1047 2045 1119 2100 (cf.
1150 2046 1367 2103 Boppium
1397 2060 1440 2103 p.
1472 2047 1590 2100 450).

366 2117 528 2172 „Diese
574 2116 731 2160 Klasse
782 2116 957 2160 besteht
1002 2130 1079 2159 aus
1127 2116 1205 2159 der
1241 2117 1684 2173 Zusammensetzung

277 2202 361 2231 von
394 2189 500 2232 zwei
532 2188 635 2230 oder
665 2188 787 2230 mehr
818 2187 1142 2243 Substantiven,
1180 2188 1344 2231 welche
1377 2187 1584 2231 einander
1615 2202 1683 2231 co-

278 2259 459 2304 ordinirt
489 2259 598 2316 sind,
644 2259 685 2302 d.
717 2260 759 2302 h.
791 2259 835 2302 in
874 2259 1090 2315 gleichem
1122 2259 1554 2302 Casus-Verhiiltniss
1598 2262 1684 2301 ste-

276 2331 365 2373 hen
396 2330 486 2373 und
518 2330 615 2373 dem
647 2330 779 2373 Sinne
808 2330 918 2372 nach
950 2329 1084 2373 durch
1116 2329 1229 2373 ‘und'
1261 2329 1513 2373 verbunden
1544 2329 1684 2372 sind·“

277 2400 540 2460 Exemplum
571 2401 711 2445 huius·
730 2396 1052 2460 compositionis
1079 2400 1274 2459 Boppius
1292 2399 1433 2445 adfert
1462 2415 1505 2459 p.
1537 2399 1685 2454 455:¹)

351 2619 386 2663 1)
410 2618 465 2653 De
490 2617 621 2662 quibus
646 2619 766 2652 tamen
792 2614 994 2660 videndum,
1030 2614 1126 2659 quod
1157 2613 1358 2660 Udolphius
1383 2614 1417 2648 in
1450 2612 1536 2649 diss.
1561 2612 1675 2657 philol

277 2670 426 2714 vratisl,
455 2678 545 2712 1868
573 2676 638 2721 „de
662 2676 806 2722 liuguae
831 2676 892 2711 lat.
919 2673 1082 2711 voeabul.
1108 2674 1240 2719 comp.“
1265 2673 1427 2710 eontulit.
1451 2684 1487 2719 p.
1514 2675 1558 2708 36
1585 2684 1631 2708 ss.
