<?xml version="1.0" encoding="UTF-8"?>
<!DOCTYPE html PUBLIC "-//W3C//DTD XHTML 1.0 Transitional//EN"
    "http://www.w3.org/TR/xhtml1/DTD/xhtml1-transitional.dtd">
<html xmlns="http://www.w3.org/1999/xhtml" xml:lang="en" lang="en">
 <head>
  <title>
</title>
<meta http-equiv="Content-Type" content="text/html;charset=utf-8" />
  <meta name='ocr-system' content='tesseract 3.04.00' />
  <meta name='ocr-capabilities' content='ocr_page ocr_carea ocr_par ocr_line ocrx_word'/>
</head>
<body>
  <div class='ocr_page' id='page_1' title='image "4737817_0068.png"; bbox 0 0 1996 3071; ppageno 0'>
   <div class='ocr_carea' id='block_1_1' title="bbox 0 0 121 193">
    <p class='ocr_par' dir='ltr' id='par_1_1' title="bbox 0 0 121 193">
     <span class='ocr_line' id='line_1_1' title="bbox 0 0 121 193; baseline 0 2878"><span class='ocrx_word' id='word_1_1' title='bbox 0 0 121 193; x_wconf 95' lang='lat' dir='ltr'> </span> 
     </span>
    </p>
   </div>
   <div class='ocr_carea' id='block_1_2' title="bbox 970 205 1023 249">
    <p class='ocr_par' dir='ltr' id='par_1_2' title="bbox 970 205 1023 249">
     <span class='ocr_line' id='line_1_2' title="bbox 970 205 1023 249; baseline 0.019 -1"><span class='ocrx_word' id='word_1_2' title='bbox 970 205 1023 249; x_wconf 80' lang='lat'>61</span> 
     </span>
    </p>
   </div>
   <div class='ocr_carea' id='block_1_3' title="bbox 1494 291 1505 301">
    <p class='ocr_par' dir='ltr' id='par_1_3' title="bbox 1494 291 1505 301">
     <span class='ocr_line' id='line_1_3' title="bbox 1494 291 1505 301; baseline 0 0"><span class='ocrx_word' id='word_1_3' title='bbox 1494 291 1505 301; x_wconf 67' lang='lat' dir='ltr'>x</span> 
     </span>
    </p>
   </div>
   <div class='ocr_carea' id='block_1_4' title="bbox 236 322 1699 1227">
    <p class='ocr_par' dir='ltr' id='par_1_4' title="bbox 236 322 1699 1227">
     <span class='ocr_line' id='line_1_4' title="bbox 294 322 1698 380; baseline -0.002 -13"><span class='ocrx_word' id='word_1_4' title='bbox 294 324 495 367; x_wconf 63' lang='lat' dir='ltr'>Verbalis.</span> <span class='ocrx_word' id='word_1_5' title='bbox 528 325 599 379; x_wconf 85' lang='lat' dir='ltr'>(cf.</span> <span class='ocrx_word' id='word_1_6' title='bbox 632 336 742 380; x_wconf 87' lang='lat' dir='ltr'>quae</span> <span class='ocrx_word' id='word_1_7' title='bbox 775 323 830 365; x_wconf 89' lang='lat' dir='ltr'>ad</span> <span class='ocrx_word' id='word_1_8' title='bbox 860 323 912 366; x_wconf 54' lang='lat' dir='ltr'>A*</span> <span class='ocrx_word' id='word_1_9' title='bbox 938 325 960 377; x_wconf 66' lang='grc' dir='ltr'><strong>ξ</strong></span> <span class='ocrx_word' id='word_1_10' title='bbox 999 326 1024 365; x_wconf 87' lang='lat'><strong>3</strong></span> <span class='ocrx_word' id='word_1_11' title='bbox 1056 322 1110 365; x_wconf 90' lang='lat' dir='ltr'>de</span> <span class='ocrx_word' id='word_1_12' title='bbox 1149 323 1328 365; x_wconf 84' lang='lat' dir='ltr'>vocibus</span> <span class='ocrx_word' id='word_1_13' title='bbox 1369 323 1607 365; x_wconf 88' lang='lat' dir='ltr'>‘terrificus&#39;</span> <span class='ocrx_word' id='word_1_14' title='bbox 1641 323 1698 364; x_wconf 81' lang='lat' dir='ltr'>al.</span> 
     </span>
     <span class='ocr_line' id='line_1_5' title="bbox 294 393 1698 453; baseline -0.003 -14"><span class='ocrx_word' id='word_1_15' title='bbox 294 397 479 451; x_wconf 84' lang='lat' dir='ltr'>monui.)</span> <span class='ocrx_word' id='word_1_16' title='bbox 512 394 827 453; x_wconf 26' lang='lat' dir='ltr'>&#39;Additamento</span> <span class='ocrx_word' id='word_1_17' title='bbox 860 398 1006 436; x_wconf 85' lang='lat' dir='ltr'>autem</span> <span class='ocrx_word' id='word_1_18' title='bbox 1038 393 1141 450; x_wconf 86' lang='lat' dir='ltr'>‘per’</span> <span class='ocrx_word' id='word_1_19' title='bbox 1173 394 1368 450; x_wconf 83' lang='lat' dir='ltr'>praefixo</span> <span class='ocrx_word' id='word_1_20' title='bbox 1390 407 1474 435; x_wconf 88' lang='lat' dir='ltr'>non</span> <span class='ocrx_word' id='word_1_21' title='bbox 1500 393 1698 436; x_wconf 86' lang='lat' dir='ltr'>alterutri</span> 
     </span>
     <span class='ocr_line' id='line_1_6' title="bbox 294 464 1699 523; baseline -0.001 -14"><span class='ocrx_word' id='word_1_22' title='bbox 294 468 419 523; x_wconf 85' lang='lat' dir='ltr'>parti,</span> <span class='ocrx_word' id='word_1_23' title='bbox 452 471 501 508; x_wconf 91' lang='lat' dir='ltr'>ut</span> <span class='ocrx_word' id='word_1_24' title='bbox 521 466 655 508; x_wconf 86' lang='lat' dir='ltr'>Besta</span> <span class='ocrx_word' id='word_1_25' title='bbox 676 465 855 518; x_wconf 82' lang='lat' dir='ltr'>mavult,</span> <span class='ocrx_word' id='word_1_26' title='bbox 888 465 965 507; x_wconf 88' lang='lat' dir='ltr'>sed</span> <span class='ocrx_word' id='word_1_27' title='bbox 985 465 1065 507; x_wconf 89' lang='lat' dir='ltr'>toti</span> <span class='ocrx_word' id='word_1_28' title='bbox 1080 464 1289 505; x_wconf 86' lang='lat' dir='ltr'>vocabulo</span> <span class='ocrx_word' id='word_1_29' title='bbox 1308 466 1543 521; x_wconf 87' lang='lat' dir='ltr'>composito</span> <span class='ocrx_word' id='word_1_30' title='bbox 1561 465 1699 507; x_wconf 86' lang='lat' dir='ltr'>maior</span> 
     </span>
     <span class='ocr_line' id='line_1_7' title="bbox 293 521 1697 593; baseline -0.001 -14"><span class='ocrx_word' id='word_1_31' title='bbox 293 537 358 579; x_wconf 86' lang='lat' dir='ltr'>vis</span> <span class='ocrx_word' id='word_1_32' title='bbox 380 527 603 579; x_wconf 50' lang='lat' dir='ltr'>tribuitur:</span> <span class='ocrx_word' id='word_1_33' title='bbox 628 534 700 589; x_wconf 85' lang='lat' dir='ltr'>(cf.</span> <span class='ocrx_word' id='word_1_34' title='bbox 732 534 769 577; x_wconf 94' lang='lat' dir='ltr'>B</span> <span class='ocrx_word' id='word_1_35' title='bbox 791 537 815 589; x_wconf 66' lang='grc' dir='ltr'><strong>ξ</strong></span> <span class='ocrx_word' id='word_1_36' title='bbox 836 535 895 589; x_wconf 85' lang='grc'>2).</span> <span class='ocrx_word' id='word_1_37' title='bbox 955 521 1181 577; x_wconf 84' lang='lat' dir='ltr'>Notandus</span> <span class='ocrx_word' id='word_1_38' title='bbox 1204 533 1392 593; x_wconf 89' lang='lat' dir='ltr'>denique</span> <span class='ocrx_word' id='word_1_39' title='bbox 1420 523 1598 577; x_wconf 26' lang='lat' dir='ltr'>videtur·</span> <span class='ocrx_word' id='word_1_40' title='bbox 1613 534 1697 577; x_wconf 88' lang='lat' dir='ltr'>fre-</span> 
     </span>
     <span class='ocr_line' id='line_1_8' title="bbox 294 595 1697 670; baseline -0.003 -19"><span class='ocrx_word' id='word_1_41' title='bbox 294 622 428 670; x_wconf 82' lang='lat' dir='ltr'>quens</span> <span class='ocrx_word' id='word_1_42' title='bbox 450 606 759 650; x_wconf 82' lang='lat' dir='ltr'>adiectivorum</span> <span class='ocrx_word' id='word_1_43' title='bbox 782 606 1043 648; x_wconf 77' lang='lat' dir='ltr'>‘consimilis&#39;</span> <span class='ocrx_word' id='word_1_44' title='bbox 1069 631 1122 635; x_wconf 79' lang='lat'>-—-</span> <span class='ocrx_word' id='word_1_45' title='bbox 1147 605 1411 664; x_wconf 75' lang='lat' dir='ltr'>‘condignus&#39;</span> <span class='ocrx_word' id='word_1_46' title='bbox 1434 605 1550 662; x_wconf 87' lang='lat' dir='ltr'>apud</span> <span class='ocrx_word' id='word_1_47' title='bbox 1566 595 1697 649; x_wconf 87' lang='lat' dir='ltr'>Plau-</span> 
     </span>
     <span class='ocr_line' id='line_1_9' title="bbox 293 676 1695 734; baseline -0.001 -13"><span class='ocrx_word' id='word_1_48' title='bbox 293 683 384 721; x_wconf 90' lang='lat' dir='ltr'>tum</span> <span class='ocrx_word' id='word_1_49' title='bbox 414 693 535 721; x_wconf 68' lang='lat' dir='ltr'>usus:</span> <span class='ocrx_word' id='word_1_50' title='bbox 595 677 787 727; x_wconf 85' lang='lat' dir='ltr'>Quorum</span> <span class='ocrx_word' id='word_1_51' title='bbox 818 678 898 719; x_wconf 85' lang='lat' dir='ltr'>hoc</span> <span class='ocrx_word' id='word_1_52' title='bbox 928 676 1044 734; x_wconf 84' lang='lat' dir='ltr'>apud</span> <span class='ocrx_word' id='word_1_53' title='bbox 1076 676 1328 719; x_wconf 82' lang='lat' dir='ltr'>Terentium</span> <span class='ocrx_word' id='word_1_54' title='bbox 1359 691 1443 719; x_wconf 92' lang='lat' dir='ltr'>non</span> <span class='ocrx_word' id='word_1_55' title='bbox 1480 676 1695 730; x_wconf 80' lang='lat' dir='ltr'>invenies3</span> 
     </span>
     <span class='ocr_line' id='line_1_10' title="bbox 236 745 1696 804; baseline -0.001 -14"><span class='ocrx_word' id='word_1_56' title='bbox 236 767 238 769; x_wconf 96' lang='lat'>·</span> <span class='ocrx_word' id='word_1_57' title='bbox 293 748 408 790; x_wconf 87' lang='lat' dir='ltr'>istud</span> <span class='ocrx_word' id='word_1_58' title='bbox 438 757 568 804; x_wconf 67' lang='lat' dir='ltr'>saepe</span> <span class='ocrx_word' id='word_1_59' title='bbox 601 746 718 803; x_wconf 84' lang='lat' dir='ltr'>apud</span> <span class='ocrx_word' id='word_1_60' title='bbox 748 760 847 789; x_wconf 90' lang='lat' dir='ltr'>eum</span> <span class='ocrx_word' id='word_1_61' title='bbox 878 747 1051 802; x_wconf 86' lang='lat' dir='ltr'>legitur.</span> <span class='ocrx_word' id='word_1_62' title='bbox 1112 745 1365 803; x_wconf 82' lang='lat' dir='ltr'>Eademque</span> <span class='ocrx_word' id='word_1_63' title='bbox 1392 748 1545 789; x_wconf 91' lang='lat' dir='ltr'>horum</span> <span class='ocrx_word' id='word_1_64' title='bbox 1571 761 1696 789; x_wconf 84' lang='lat' dir='ltr'>voca-</span> 
     </span>
     <span class='ocr_line' id='line_1_11' title="bbox 292 816 1696 873; baseline 0 -13"><span class='ocrx_word' id='word_1_65' title='bbox 292 819 491 860; x_wconf 92' lang='lat' dir='ltr'>bulorum</span> <span class='ocrx_word' id='word_1_66' title='bbox 541 818 649 860; x_wconf 87' lang='lat' dir='ltr'>ratio</span> <span class='ocrx_word' id='word_1_67' title='bbox 698 822 764 858; x_wconf 87' lang='lat' dir='ltr'>est</span> <span class='ocrx_word' id='word_1_68' title='bbox 811 816 925 872; x_wconf 87' lang='lat' dir='ltr'>apud</span> <span class='ocrx_word' id='word_1_69' title='bbox 970 817 1236 865; x_wconf 85' lang='lat' dir='ltr'>Lucretium.</span> <span class='ocrx_word' id='word_1_70' title='bbox 1304 817 1435 873; x_wconf 88' lang='lat' dir='ltr'><strong>Apud</strong></span> <span class='ocrx_word' id='word_1_71' title='bbox 1480 818 1696 867; x_wconf 82' lang='lat' dir='ltr'>Lucilium</span> 
     </span>
     <span class='ocr_line' id='line_1_12' title="bbox 292 883 1695 945; baseline -0.001 -14"><span class='ocrx_word' id='word_1_72' title='bbox 292 893 493 931; x_wconf 87' lang='lat' dir='ltr'>neutrum</span> <span class='ocrx_word' id='word_1_73' title='bbox 515 888 688 944; x_wconf 88' lang='lat' dir='ltr'>quidem</span> <span class='ocrx_word' id='word_1_74' title='bbox 705 888 936 943; x_wconf 87' lang='lat' dir='ltr'>invenitur,</span> <span class='ocrx_word' id='word_1_75' title='bbox 968 883 1118 929; x_wconf 84' lang='lat' dir='ltr'>verum</span> <span class='ocrx_word' id='word_1_76' title='bbox 1134 902 1211 944; x_wconf 86' lang='lat' dir='ltr'>pro</span> <span class='ocrx_word' id='word_1_77' title='bbox 1229 888 1569 943; x_wconf 75' lang='lat' dir='ltr'><strong>fragmentorum</strong></span> <span class='ocrx_word' id='word_1_78' title='bbox 1589 902 1695 945; x_wconf 85' lang='lat' dir='ltr'>pau-</span> 
     </span>
     <span class='ocr_line' id='line_1_13' title="bbox 291 958 1694 1015; baseline -0.001 -14"><span class='ocrx_word' id='word_1_79' title='bbox 291 960 421 1001; x_wconf 86' lang='lat' dir='ltr'>citate</span> <span class='ocrx_word' id='word_1_80' title='bbox 453 958 562 1001; x_wconf 87' lang='lat' dir='ltr'>nihil</span> <span class='ocrx_word' id='word_1_81' title='bbox 592 959 699 1002; x_wconf 88' lang='lat' dir='ltr'>certi</span> <span class='ocrx_word' id='word_1_82' title='bbox 731 972 788 1000; x_wconf 81' lang='lat' dir='ltr'>ex</span> <span class='ocrx_word' id='word_1_83' title='bbox 817 958 899 1000; x_wconf 88' lang='lat' dir='ltr'>hac</span> <span class='ocrx_word' id='word_1_84' title='bbox 929 972 975 1000; x_wconf 90' lang='lat' dir='ltr'>re</span> <span class='ocrx_word' id='word_1_85' title='bbox 998 958 1194 1000; x_wconf 88' lang='lat' dir='ltr'>concludi</span> <span class='ocrx_word' id='word_1_86' title='bbox 1215 965 1342 1015; x_wconf 84' lang='lat' dir='ltr'>posse</span> <span class='ocrx_word' id='word_1_87' title='bbox 1373 959 1478 1001; x_wconf 91' lang='lat' dir='ltr'>mihi</span> <span class='ocrx_word' id='word_1_88' title='bbox 1509 958 1694 1001; x_wconf 80' lang='lat' dir='ltr'>videtur.</span> 
     </span>
     <span class='ocr_line' id='line_1_14' title="bbox 262 1019 1694 1087; baseline -0.001 -14"><span class='ocrx_word' id='word_1_89' title='bbox 262 1019 267 1024; x_wconf 53' lang='grc'><strong><em>’</em></strong></span> <span class='ocrx_word' id='word_1_90' title='bbox 380 1030 590 1087; x_wconf 82' lang='lat' dir='ltr'>Campum</span> <span class='ocrx_word' id='word_1_91' title='bbox 620 1043 723 1072; x_wconf 86' lang='lat' dir='ltr'>vero</span> <span class='ocrx_word' id='word_1_92' title='bbox 756 1030 842 1072; x_wconf 85' lang='lat' dir='ltr'>iam</span> <span class='ocrx_word' id='word_1_93' title='bbox 873 1028 985 1083; x_wconf 84' lang='lat' dir='ltr'>hunc</span> <span class='ocrx_word' id='word_1_94' title='bbox 1017 1029 1268 1085; x_wconf 83' lang='lat' dir='ltr'>longissime</span> <span class='ocrx_word' id='word_1_95' title='bbox 1300 1033 1537 1087; x_wconf 84' lang='lat' dir='ltr'>patentem,</span> <span class='ocrx_word' id='word_1_96' title='bbox 1576 1029 1694 1072; x_wconf 91' lang='lat' dir='ltr'>ideo-</span> 
     </span>
     <span class='ocr_line' id='line_1_15' title="bbox 292 1095 1693 1157; baseline -0.001 -15"><span class='ocrx_word' id='word_1_97' title='bbox 292 1114 374 1157; x_wconf 88' lang='lat' dir='ltr'>que</span> <span class='ocrx_word' id='word_1_98' title='bbox 422 1095 639 1144; x_wconf 86' lang='lat' dir='ltr'>difficilem</span> <span class='ocrx_word' id='word_1_99' title='bbox 693 1099 867 1155; x_wconf 91' lang='lat' dir='ltr'>quidem</span> <span class='ocrx_word' id='word_1_100' title='bbox 911 1099 986 1142; x_wconf 89' lang='lat' dir='ltr'>sed</span> <span class='ocrx_word' id='word_1_101' title='bbox 1037 1099 1344 1154; x_wconf 78' lang='lat' dir='ltr'>gratissimum,</span> <span class='ocrx_word' id='word_1_102' title='bbox 1397 1098 1693 1156; x_wconf 83' lang='lat' dir='ltr'><strong>fructibusque</strong></span> 
     </span>
     <span class='ocr_line' id='line_1_16' title="bbox 290 1164 1506 1227; baseline 0 -15"><span class='ocrx_word' id='word_1_103' title='bbox 290 1170 603 1214; x_wconf 75' lang='lat' dir='ltr'>redundantem</span> <span class='ocrx_word' id='word_1_104' title='bbox 634 1172 720 1213; x_wconf 85' lang='lat' dir='ltr'>iam</span> <span class='ocrx_word' id='word_1_105' title='bbox 751 1171 994 1227; x_wconf 86' lang='lat' dir='ltr'>relinquere</span> <span class='ocrx_word' id='word_1_106' title='bbox 1027 1184 1204 1215; x_wconf 85' lang='lat' dir='ltr'>necesse</span> <span class='ocrx_word' id='word_1_107' title='bbox 1237 1175 1314 1212; x_wconf 91' lang='lat' dir='ltr'>est.</span> <span class='ocrx_word' id='word_1_108' title='bbox 1502 1164 1506 1167; x_wconf 62' lang='grc'><strong>’</strong></span> 
     </span>
    </p>
   </div>
   <div class='ocr_carea' id='block_1_5' title="bbox 401 1311 1580 1359">
    <p class='ocr_par' dir='ltr' id='par_1_5' title="bbox 401 1311 1580 1359">
     <span class='ocr_line' id='line_1_17' title="bbox 401 1311 1580 1359; baseline 0.001 -15"><span class='ocrx_word' id='word_1_109' title='bbox 401 1314 431 1353; x_wconf 62' lang='grc' dir='ltr'>ξ.</span> <span class='ocrx_word' id='word_1_110' title='bbox 459 1312 491 1359; x_wconf 75' lang='grc'>3.</span> <span class='ocrx_word' id='word_1_111' title='bbox 542 1311 720 1347; x_wconf 70' lang='lat' dir='ltr'>Particum</span> <span class='ocrx_word' id='word_1_112' title='bbox 746 1311 915 1354; x_wconf 76' lang='lat' dir='ltr'>quaedam</span> <span class='ocrx_word' id='word_1_113' title='bbox 940 1318 1017 1347; x_wconf 86' lang='lat' dir='ltr'>eum</span> <span class='ocrx_word' id='word_1_114' title='bbox 1043 1311 1158 1353; x_wconf 77' lang='lat' dir='ltr'>stirne</span> <span class='ocrx_word' id='word_1_115' title='bbox 1185 1311 1319 1346; x_wconf 71' lang='lat' dir='ltr'>verbali</span> <span class='ocrx_word' id='word_1_116' title='bbox 1346 1311 1580 1355; x_wconf 68' lang='lat' dir='ltr'>coniunnitnr.</span> 
     </span>
    </p>
   </div>
   <div class='ocr_carea' id='block_1_6' title="bbox 324 1393 1693 1450">
    <p class='ocr_par' dir='ltr' id='par_1_6' title="bbox 324 1393 1693 1450">
     <span class='ocr_line' id='line_1_18' title="bbox 324 1393 1693 1450; baseline 0 -15"><span class='ocrx_word' id='word_1_117' title='bbox 324 1403 326 1405; x_wconf 84' lang='grc'><em>·</em></span> <span class='ocrx_word' id='word_1_118' title='bbox 376 1393 475 1435; x_wconf 87' lang='lat' dir='ltr'>Non</span> <span class='ocrx_word' id='word_1_119' title='bbox 522 1407 691 1435; x_wconf 91' lang='lat' dir='ltr'>omnem</span> <span class='ocrx_word' id='word_1_120' title='bbox 742 1393 1050 1436; x_wconf 84' lang='lat' dir='ltr'>adiectivorum</span> <span class='ocrx_word' id='word_1_121' title='bbox 1102 1394 1434 1449; x_wconf 81' lang='lat' dir='ltr'>compositorum</span> <span class='ocrx_word' id='word_1_122' title='bbox 1480 1394 1525 1435; x_wconf 90' lang='lat' dir='ltr'>in</span> <span class='ocrx_word' id='word_1_123' title='bbox 1580 1394 1693 1450; x_wconf 85' lang='lat' dir='ltr'>hunc</span> 
     </span>
    </p>
   </div>
   <div class='ocr_carea' id='block_1_7' title="bbox 224 1461 1691 1521">
    <p class='ocr_par' dir='ltr' id='par_1_7' title="bbox 224 1461 1691 1521">
     <span class='ocr_line' id='line_1_19' title="bbox 224 1461 1691 1521; baseline 0.001 -16"><span class='ocrx_word' id='word_1_124' title='bbox 224 1481 233 1489; x_wconf 82' lang='lat'><strong>·</strong></span> <span class='ocrx_word' id='word_1_125' title='bbox 290 1461 497 1506; x_wconf 76' lang='lat' dir='ltr'>&#39;ambitum</span> <span class='ocrx_word' id='word_1_126' title='bbox 528 1465 837 1521; x_wconf 87' lang='lat' dir='ltr'>pertinentium</span> <span class='ocrx_word' id='word_1_127' title='bbox 869 1465 1036 1520; x_wconf 84' lang='lat' dir='ltr'>copiam</span> <span class='ocrx_word' id='word_1_128' title='bbox 1057 1468 1363 1519; x_wconf 87' lang='lat' dir='ltr'>congesturum</span> <span class='ocrx_word' id='word_1_129' title='bbox 1384 1478 1453 1506; x_wconf 91' lang='lat' dir='ltr'>me</span> <span class='ocrx_word' id='word_1_130' title='bbox 1476 1465 1559 1506; x_wconf 83' lang='lat' dir='ltr'>huc</span> <span class='ocrx_word' id='word_1_131' title='bbox 1596 1478 1691 1506; x_wconf 84' lang='lat' dir='ltr'>esse</span> 
     </span>
    </p>
   </div>
   <div class='ocr_carea' id='block_1_8' title="bbox 284 1534 1701 2512">
    <p class='ocr_par' dir='ltr' id='par_1_8' title="bbox 284 1534 1701 2512">
     <span class='ocr_line' id='line_1_20' title="bbox 289 1534 1692 1590; baseline 0.001 -14"><span class='ocrx_word' id='word_1_132' title='bbox 289 1548 419 1590; x_wconf 89' lang='lat' dir='ltr'>supra</span> <span class='ocrx_word' id='word_1_133' title='bbox 449 1535 535 1576; x_wconf 85' lang='lat' dir='ltr'>iam</span> <span class='ocrx_word' id='word_1_134' title='bbox 568 1534 677 1589; x_wconf 79' lang='lat' dir='ltr'>dixi3</span> <span class='ocrx_word' id='word_1_135' title='bbox 710 1535 835 1577; x_wconf 89' lang='lat' dir='ltr'>nimis</span> <span class='ocrx_word' id='word_1_136' title='bbox 882 1548 1039 1590; x_wconf 85' lang='lat' dir='ltr'>magna</span> <span class='ocrx_word' id='word_1_137' title='bbox 1071 1548 1220 1578; x_wconf 80' lang='lat' dir='ltr'>eorum</span> <span class='ocrx_word' id='word_1_138' title='bbox 1267 1539 1333 1576; x_wconf 87' lang='lat' dir='ltr'>est</span> <span class='ocrx_word' id='word_1_139' title='bbox 1366 1534 1514 1589; x_wconf 89' lang='lat' dir='ltr'>moles,</span> <span class='ocrx_word' id='word_1_140' title='bbox 1564 1535 1692 1577; x_wconf 90' lang='lat' dir='ltr'>huius</span> 
     </span>
     <span class='ocr_line' id='line_1_21' title="bbox 289 1604 1691 1661; baseline -0.001 -14"><span class='ocrx_word' id='word_1_141' title='bbox 289 1605 461 1661; x_wconf 90' lang='lat' dir='ltr'>quidem</span> <span class='ocrx_word' id='word_1_142' title='bbox 508 1605 912 1647; x_wconf 88' lang='lat' dir='ltr'>dissertatiunculae</span> <span class='ocrx_word' id='word_1_143' title='bbox 959 1606 1066 1647; x_wconf 86' lang='lat' dir='ltr'>fines</span> <span class='ocrx_word' id='word_1_144' title='bbox 1115 1604 1343 1660; x_wconf 87' lang='lat' dir='ltr'>excedens,</span> <span class='ocrx_word' id='word_1_145' title='bbox 1391 1605 1519 1647; x_wconf 89' lang='lat' dir='ltr'>nimis</span> <span class='ocrx_word' id='word_1_146' title='bbox 1555 1618 1691 1660; x_wconf 82' lang='lat' dir='ltr'>parva</span> 
     </span>
     <span class='ocr_line' id='line_1_22' title="bbox 288 1673 1690 1732; baseline -0.001 -14"><span class='ocrx_word' id='word_1_147' title='bbox 288 1690 436 1718; x_wconf 88' lang='lat' dir='ltr'>eorum</span> <span class='ocrx_word' id='word_1_148' title='bbox 467 1675 708 1731; x_wconf 79' lang='lat' dir='ltr'>diversitas,</span> <span class='ocrx_word' id='word_1_149' title='bbox 756 1673 888 1732; x_wconf 69' lang='lat' dir='ltr'>op&#39;era</span> <span class='ocrx_word' id='word_1_150' title='bbox 918 1690 1003 1718; x_wconf 90' lang='lat' dir='ltr'>non</span> <span class='ocrx_word' id='word_1_151' title='bbox 1035 1677 1138 1718; x_wconf 85' lang='lat' dir='ltr'>satis</span> <span class='ocrx_word' id='word_1_152' title='bbox 1176 1676 1320 1731; x_wconf 88' lang='lat' dir='ltr'>digna.</span> <span class='ocrx_word' id='word_1_153' title='bbox 1383 1675 1577 1719; x_wconf 86' lang='lat' dir='ltr'>Sufficiat</span> <span class='ocrx_word' id='word_1_154' title='bbox 1608 1677 1690 1731; x_wconf 86' lang='lat' dir='ltr'>igi-</span> 
     </span>
     <span class='ocr_line' id='line_1_23' title="bbox 288 1746 1690 1803; baseline -0.001 -15"><span class='ocrx_word' id='word_1_155' title='bbox 288 1751 358 1788; x_wconf 90' lang='lat' dir='ltr'>tur</span> <span class='ocrx_word' id='word_1_156' title='bbox 389 1760 441 1789; x_wconf 90' lang='lat' dir='ltr'>ea</span> <span class='ocrx_word' id='word_1_157' title='bbox 472 1746 600 1789; x_wconf 89' lang='lat' dir='ltr'>huius</span> <span class='ocrx_word' id='word_1_158' title='bbox 632 1747 804 1802; x_wconf 85' lang='lat' dir='ltr'>generis</span> <span class='ocrx_word' id='word_1_159' title='bbox 828 1746 1039 1789; x_wconf 85' lang='lat' dir='ltr'>adiectiva</span> <span class='ocrx_word' id='word_1_160' title='bbox 1072 1747 1388 1802; x_wconf 81' lang='lat' dir='ltr'>conscripsisse,</span> <span class='ocrx_word' id='word_1_161' title='bbox 1422 1759 1532 1803; x_wconf 86' lang='lat' dir='ltr'>quae</span> <span class='ocrx_word' id='word_1_162' title='bbox 1568 1751 1643 1788; x_wconf 84' lang='lat' dir='ltr'>aut</span> <span class='ocrx_word' id='word_1_163' title='bbox 1665 1761 1690 1787; x_wconf 81' lang='lat' dir='ltr'>a</span> 
     </span>
     <span class='ocr_line' id='line_1_24' title="bbox 287 1818 1690 1873; baseline -0.001 -13"><span class='ocrx_word' id='word_1_164' title='bbox 287 1818 469 1873; x_wconf 87' lang='lat' dir='ltr'>singulis</span> <span class='ocrx_word' id='word_1_165' title='bbox 503 1818 639 1859; x_wconf 89' lang='lat' dir='ltr'>solum</span> <span class='ocrx_word' id='word_1_166' title='bbox 680 1818 820 1873; x_wconf 85' lang='lat' dir='ltr'>poetis</span> <span class='ocrx_word' id='word_1_167' title='bbox 862 1822 962 1860; x_wconf 88' lang='lat' dir='ltr'>sunt</span> <span class='ocrx_word' id='word_1_168' title='bbox 1000 1822 1220 1873; x_wconf 85' lang='lat' dir='ltr'>usurpata,</span> <span class='ocrx_word' id='word_1_169' title='bbox 1271 1823 1346 1860; x_wconf 90' lang='lat' dir='ltr'>aut</span> <span class='ocrx_word' id='word_1_170' title='bbox 1386 1818 1690 1873; x_wconf 81' lang='lat' dir='ltr'>singularitate</span> 
     </span>
     <span class='ocr_line' id='line_1_25' title="bbox 287 1882 1690 1945; baseline -0.001 -15"><span class='ocrx_word' id='word_1_171' title='bbox 287 1888 470 1945; x_wconf 88' lang='lat' dir='ltr'>quadam</span> <span class='ocrx_word' id='word_1_172' title='bbox 512 1893 611 1930; x_wconf 89' lang='lat' dir='ltr'>sunt</span> <span class='ocrx_word' id='word_1_173' title='bbox 643 1882 884 1945; x_wconf 84' lang='lat' dir='ltr'>conspicua,</span> <span class='ocrx_word' id='word_1_174' title='bbox 927 1893 1002 1937; x_wconf 85' lang='lat' dir='ltr'>aut</span> <span class='ocrx_word' id='word_1_175' title='bbox 1034 1888 1344 1945; x_wconf 78' lang='lat' dir='ltr'>alia&#39;qualibet</span> <span class='ocrx_word' id='word_1_176' title='bbox 1385 1889 1552 1931; x_wconf 86' lang='lat' dir='ltr'>ratione</span> <span class='ocrx_word' id='word_1_177' title='bbox 1590 1893 1690 1931; x_wconf 89' lang='lat' dir='ltr'>sunt</span> 
     </span>
     <span class='ocr_line' id='line_1_26' title="bbox 287 1958 1689 2015; baseline -0.001 -15"><span class='ocrx_word' id='word_1_178' title='bbox 287 1958 430 2014; x_wconf 87' lang='lat' dir='ltr'>digna,</span> <span class='ocrx_word' id='word_1_179' title='bbox 478 1972 658 2015; x_wconf 88' lang='lat' dir='ltr'>quorum</span> <span class='ocrx_word' id='word_1_180' title='bbox 705 1958 773 1999; x_wconf 88' lang='lat' dir='ltr'>hic</span> <span class='ocrx_word' id='word_1_181' title='bbox 801 1958 980 2000; x_wconf 49' lang='lat' dir='ltr'>*mentio</span> <span class='ocrx_word' id='word_1_182' title='bbox 1028 1959 1116 1999; x_wconf 84' lang='lat' dir='ltr'>fiat.</span> <span class='ocrx_word' id='word_1_183' title='bbox 1179 1958 1325 2014; x_wconf 89' lang='lat' dir='ltr'>Atque</span> <span class='ocrx_word' id='word_1_184' title='bbox 1372 1958 1425 2000; x_wconf 90' lang='lat' dir='ltr'>de</span> <span class='ocrx_word' id='word_1_185' title='bbox 1458 1958 1689 1999; x_wconf 82' lang='lat' dir='ltr'>adiectivis</span> 
     </span>
     <span class='ocr_line' id='line_1_27' title="bbox 288 2028 1688 2085; baseline -0.001 -14"><span class='ocrx_word' id='word_1_186' title='bbox 288 2030 489 2071; x_wconf 75' lang='lat' dir='ltr'>‘absens&#39;z</span> <span class='ocrx_word' id='word_1_187' title='bbox 525 2030 655 2085; x_wconf 87' lang='lat' dir='ltr'>Turp.</span> <span class='ocrx_word' id='word_1_188' title='bbox 689 2031 794 2083; x_wconf 75' lang='lat'>2133</span> <span class='ocrx_word' id='word_1_189' title='bbox 826 2029 921 2071; x_wconf 86' lang='lat' dir='ltr'>Afr.</span> <span class='ocrx_word' id='word_1_190' title='bbox 956 2030 999 2070; x_wconf 83' lang='lat'>6:</span> <span class='ocrx_word' id='word_1_191' title='bbox 1033 2029 1125 2070; x_wconf 90' lang='lat' dir='ltr'>Att.</span> <span class='ocrx_word' id='word_1_192' title='bbox 1159 2030 1228 2085; x_wconf 83' lang='lat'>38,</span> <span class='ocrx_word' id='word_1_193' title='bbox 1266 2029 1516 2085; x_wconf 73' lang='lat' dir='ltr'>‘praesens&#39;z</span> <span class='ocrx_word' id='word_1_194' title='bbox 1550 2028 1688 2070; x_wconf 77' lang='lat' dir='ltr'>NaeV.</span> 
     </span>
     <span class='ocr_line' id='line_1_28' title="bbox 286 2097 1688 2156; baseline -0.002 -14"><span class='ocrx_word' id='word_1_195' title='bbox 286 2103 315 2142; x_wconf 85' lang='lat' dir='ltr'>t.</span> <span class='ocrx_word' id='word_1_196' title='bbox 349 2102 394 2155; x_wconf 81' lang='lat'>93</span> <span class='ocrx_word' id='word_1_197' title='bbox 428 2099 559 2156; x_wconf 85' lang='lat' dir='ltr'>Turp.</span> <span class='ocrx_word' id='word_1_198' title='bbox 593 2099 696 2155; x_wconf 76' lang='lat'>2133</span> <span class='ocrx_word' id='word_1_199' title='bbox 728 2099 878 2155; x_wconf 86' lang='lat' dir='ltr'>Pomp.</span> <span class='ocrx_word' id='word_1_200' title='bbox 910 2098 960 2141; x_wconf 91' lang='lat' dir='ltr'>B.</span> <span class='ocrx_word' id='word_1_201' title='bbox 985 2100 1052 2154; x_wconf 81' lang='lat'>47,</span> <span class='ocrx_word' id='word_1_202' title='bbox 1092 2099 1191 2154; x_wconf 84' lang='lat'>168;</span> <span class='ocrx_word' id='word_1_203' title='bbox 1223 2098 1332 2142; x_wconf 61' lang='lat' dir='ltr'>Nova</span> <span class='ocrx_word' id='word_1_204' title='bbox 1368 2100 1441 2155; x_wconf 80' lang='lat'>573</span> <span class='ocrx_word' id='word_1_205' title='bbox 1474 2097 1567 2141; x_wconf 85' lang='lat' dir='ltr'>Att.</span> <span class='ocrx_word' id='word_1_206' title='bbox 1606 2098 1688 2140; x_wconf 86' lang='lat'>134</span> 
     </span>
     <span class='ocr_line' id='line_1_29' title="bbox 285 2169 1686 2227; baseline -0.001 -14"><span class='ocrx_word' id='word_1_207' title='bbox 285 2170 400 2227; x_wconf 82' lang='lat' dir='ltr'>(bis),</span> <span class='ocrx_word' id='word_1_208' title='bbox 434 2171 530 2226; x_wconf 84' lang='lat'>251,</span> <span class='ocrx_word' id='word_1_209' title='bbox 565 2170 661 2226; x_wconf 83' lang='lat'>428,</span> <span class='ocrx_word' id='word_1_210' title='bbox 703 2170 875 2213; x_wconf 90' lang='lat' dir='ltr'>initium</span> <span class='ocrx_word' id='word_1_211' title='bbox 906 2174 955 2212; x_wconf 88' lang='lat' dir='ltr'>ut</span> <span class='ocrx_word' id='word_1_212' title='bbox 985 2170 1166 2227; x_wconf 86' lang='lat' dir='ltr'>capiam,</span> <span class='ocrx_word' id='word_1_213' title='bbox 1207 2171 1356 2226; x_wconf 83' lang='lat' dir='ltr'>paucis</span> <span class='ocrx_word' id='word_1_214' title='bbox 1398 2169 1686 2226; x_wconf 78' lang='lat' dir='ltr'>praedicetur,</span> 
     </span>
     <span class='ocr_line' id='line_1_30' title="bbox 284 2233 1701 2298; baseline -0.001 -15"><span class='ocrx_word' id='word_1_215' title='bbox 284 2237 503 2298; x_wconf 86' lang='lat' dir='ltr'>plerisque</span> <span class='ocrx_word' id='word_1_216' title='bbox 535 2243 640 2284; x_wconf 91' lang='lat' dir='ltr'>locis</span> <span class='ocrx_word' id='word_1_217' title='bbox 672 2256 723 2284; x_wconf 88' lang='lat' dir='ltr'>ea</span> <span class='ocrx_word' id='word_1_218' title='bbox 769 2242 978 2284; x_wconf 80' lang='lat' dir='ltr'>voeabula</span> <span class='ocrx_word' id='word_1_219' title='bbox 1011 2242 1071 2283; x_wconf 88' lang='lat' dir='ltr'>ita</span> <span class='ocrx_word' id='word_1_220' title='bbox 1103 2242 1205 2297; x_wconf 86' lang='lat' dir='ltr'>legi,</span> <span class='ocrx_word' id='word_1_221' title='bbox 1246 2247 1295 2283; x_wconf 84' lang='lat' dir='ltr'>ut</span> <span class='ocrx_word' id='word_1_222' title='bbox 1326 2233 1701 2296; x_wconf 41' lang='lat' dir='ltr'>significationem*</span> 
     </span>
     <span class='ocr_line' id='line_1_31' title="bbox 284 2310 1690 2369; baseline 0.001 -17"><span class='ocrx_word' id='word_1_223' title='bbox 284 2312 457 2369; x_wconf 84' lang='lat' dir='ltr'>vimque</span> <span class='ocrx_word' id='word_1_224' title='bbox 494 2313 827 2369; x_wconf 84' lang='lat' dir='ltr'>praepositionis</span> <span class='ocrx_word' id='word_1_225' title='bbox 859 2312 1061 2367; x_wconf 78' lang='lat' dir='ltr'>(‘coram&#39;)</span> <span class='ocrx_word' id='word_1_226' title='bbox 1093 2312 1294 2367; x_wconf 72' lang='lat' dir='ltr'>habeant,</span> <span class='ocrx_word' id='word_1_227' title='bbox 1327 2312 1387 2354; x_wconf 89' lang='lat' dir='ltr'>ita</span> <span class='ocrx_word' id='word_1_228' title='bbox 1420 2310 1607 2367; x_wconf 89' lang='lat' dir='ltr'>quidem,</span> <span class='ocrx_word' id='word_1_229' title='bbox 1642 2315 1690 2353; x_wconf 90' lang='lat' dir='ltr'>ut</span> 
     </span>
     <span class='ocr_line' id='line_1_32' title="bbox 285 2381 1687 2439; baseline 0.001 -18"><span class='ocrx_word' id='word_1_230' title='bbox 285 2381 421 2425; x_wconf 88' lang='lat' dir='ltr'>forma</span> <span class='ocrx_word' id='word_1_231' title='bbox 453 2383 632 2426; x_wconf 84' lang='lat' dir='ltr'>ablativi</span> <span class='ocrx_word' id='word_1_232' title='bbox 664 2384 895 2439; x_wconf 72' lang='lat' dir='ltr'>Singularis</span> <span class='ocrx_word' id='word_1_233' title='bbox 918 2383 1210 2426; x_wconf 83' lang='lat' dir='ltr'>adverbialem</span> <span class='ocrx_word' id='word_1_234' title='bbox 1243 2383 1364 2438; x_wconf 87' lang='lat' dir='ltr'>quasi</span> <span class='ocrx_word' id='word_1_235' title='bbox 1397 2383 1485 2423; x_wconf 81' lang='lat' dir='ltr'>vim</span> <span class='ocrx_word' id='word_1_236' title='bbox 1504 2382 1687 2436; x_wconf 76' lang='lat' dir='ltr'>induat,</span> 
     </span>
     <span class='ocr_line' id='line_1_33' title="bbox 284 2442 1639 2512; baseline 0.001 -19"><span class='ocrx_word' id='word_1_237' title='bbox 284 2456 414 2511; x_wconf 84' lang='lat' dir='ltr'>atque</span> <span class='ocrx_word' id='word_1_238' title='bbox 447 2454 706 2496; x_wconf 80' lang='lat' dir='ltr'>substantivi</span> <span class='ocrx_word' id='word_1_239' title='bbox 744 2453 930 2511; x_wconf 79' lang='lat' dir='ltr'>casibus,</span> <span class='ocrx_word' id='word_1_240' title='bbox 956 2454 1058 2495; x_wconf 90' lang='lat' dir='ltr'>licet</span> <span class='ocrx_word' id='word_1_241' title='bbox 1090 2454 1180 2512; x_wconf 15' lang='lat' dir='ltr'>sint,</span> <span class='ocrx_word' id='word_1_242' title='bbox 1206 2453 1408 2509; x_wconf 87' lang='lat' dir='ltr'>plurales,</span> <span class='ocrx_word' id='word_1_243' title='bbox 1443 2442 1639 2495; x_wconf 80' lang='lat' dir='ltr'>adda-tur.</span> 
     </span>
    </p>
   </div>
   <div class='ocr_carea' id='block_1_9' title="bbox 283 2526 1690 2704">
    <p class='ocr_par' dir='ltr' id='par_1_9' title="bbox 283 2526 1690 2704">
     <span class='ocr_line' id='line_1_34' title="bbox 355 2526 1690 2582; baseline 0.004 -16"><span class='ocrx_word' id='word_1_244' title='bbox 355 2526 484 2569; x_wconf 79' lang='lat' dir='ltr'>Forma</span> <span class='ocrx_word' id='word_1_245' title='bbox 507 2546 594 2570; x_wconf 88' lang='lat' dir='ltr'>vero</span> <span class='ocrx_word' id='word_1_246' title='bbox 632 2536 895 2580; x_wconf 81' lang='lat' dir='ltr'>compositionis</span> <span class='ocrx_word' id='word_1_247' title='bbox 933 2535 1190 2570; x_wconf 83' lang='lat' dir='ltr'>adiectivorum</span> <span class='ocrx_word' id='word_1_248' title='bbox 1226 2536 1332 2569; x_wconf 89' lang='lat' dir='ltr'>huius</span> <span class='ocrx_word' id='word_1_249' title='bbox 1357 2536 1499 2581; x_wconf 80' lang='lat' dir='ltr'>generis</span> <span class='ocrx_word' id='word_1_250' title='bbox 1539 2546 1608 2582; x_wconf 84' lang='grc'><strong>11011</strong></span> <span class='ocrx_word' id='word_1_251' title='bbox 1635 2541 1690 2572; x_wconf 84' lang='lat' dir='ltr'>est</span> 
     </span>
     <span class='ocr_line' id='line_1_35' title="bbox 283 2592 1689 2646; baseline 0.002 -20"><span class='ocrx_word' id='word_1_252' title='bbox 283 2592 354 2646; x_wconf 79' lang='lat' dir='ltr'>alia</span> <span class='ocrx_word' id='word_1_253' title='bbox 376 2602 418 2627; x_wconf 82' lang='lat' dir='ltr'>ac</span> <span class='ocrx_word' id='word_1_254' title='bbox 442 2603 578 2639; x_wconf 84' lang='lat' dir='ltr'>eorum,</span> <span class='ocrx_word' id='word_1_255' title='bbox 603 2605 695 2639; x_wconf 80' lang='lat' dir='ltr'>quae</span> <span class='ocrx_word' id='word_1_256' title='bbox 719 2605 841 2643; x_wconf 80' lang='lat' dir='ltr'>parag.</span> <span class='ocrx_word' id='word_1_257' title='bbox 873 2594 1029 2630; x_wconf 78' lang='lat' dir='ltr'>secunda</span> <span class='ocrx_word' id='word_1_258' title='bbox 1054 2596 1138 2630; x_wconf 77' lang='lat' dir='ltr'>sunt</span> <span class='ocrx_word' id='word_1_259' title='bbox 1169 2596 1330 2629; x_wconf 76' lang='lat' dir='ltr'>tractata.</span> <span class='ocrx_word' id='word_1_260' title='bbox 1379 2594 1594 2630; x_wconf 81' lang='lat' dir='ltr'>Posterioris</span> <span class='ocrx_word' id='word_1_261' title='bbox 1623 2596 1689 2630; x_wconf 85' lang='lat' dir='ltr'>sci-</span> 
     </span>
     <span class='ocr_line' id='line_1_36' title="bbox 283 2652 1689 2704; baseline 0.002 -18"><span class='ocrx_word' id='word_1_262' title='bbox 283 2652 366 2690; x_wconf 81' lang='lat' dir='ltr'>licet</span> <span class='ocrx_word' id='word_1_263' title='bbox 391 2653 540 2691; x_wconf 78' lang='lat' dir='ltr'>membri</span> <span class='ocrx_word' id='word_1_264' title='bbox 566 2654 737 2704; x_wconf 16' lang='lat' dir='ltr'>definitio·</span> <span class='ocrx_word' id='word_1_265' title='bbox 757 2656 955 2694; x_wconf 78' lang='lat' dir='ltr'>accuratior</span> <span class='ocrx_word' id='word_1_266' title='bbox 989 2655 1025 2690; x_wconf 85' lang='lat' dir='ltr'>in</span> <span class='ocrx_word' id='word_1_267' title='bbox 1056 2655 1208 2701; x_wconf 78' lang='lat' dir='ltr'>aliquam</span> <span class='ocrx_word' id='word_1_268' title='bbox 1235 2656 1373 2698; x_wconf 81' lang='lat' dir='ltr'>partem</span> <span class='ocrx_word' id='word_1_269' title='bbox 1398 2656 1507 2704; x_wconf 81' lang='lat' dir='ltr'>priori</span> <span class='ocrx_word' id='word_1_270' title='bbox 1531 2655 1689 2692; x_wconf 81' lang='lat' dir='ltr'>membro</span> 
     </span>
    </p>
   </div>
  </div>
 </body>
</html>
