1996 3071
987 143 1089 218 44*

304 287 584 344 abiudicavit.
629 286 801 335 Verum
831 295 969 337 artem
1001 292 1218 350 quandam
1253 289 1502 336 Plautinam
1533 291 1720 352 vocabu-

304 362 445 424 lorum
465 360 864 420 componendorum
893 362 1069 408 certis
1100 362 1260 407 finibus
1281 361 1574 407 circumscribi
1595 376 1721 421 posse

303 448 390 477 non
404 459 408 462 ·
421 432 696 491 crediderim,
730 434 830 477 cum
865 435 1134 478 Sarsinatem
1163 448 1334 478 normas
1373 434 1512 477 omnis
1552 448 1723 491 compo-

304 505 487 548 sitorum
537 503 728 562 generis,
783 504 948 549 latinae
999 504 1179 562 linguae
1228 505 1425 563 proprias
1471 505 1723 563 saepissime
1771 516 1774 517 ’

241 592 247 597 ·
305 575 523 633 sprevisse
555 579 688 632 atque
718 575 907 618 violasse
935 579 1127 633 συμβιοὺς
1158 576 1342 634 ideoque
1362 576 1576 619 rationem
1595 575 1723 619 video

303 646 483 703 nullam,
515 659 594 701 cur
624 645 887 689 vocabulum
920 646 1275 704 ‘geruli-figulus'
1320 661 1346 690 a
1381 646 1589 691 Plautina
1628 651 1721 691 arte

304 718 529 773 reiciatur;
569 730 713 773 neque
746 730 813 774 ea,
857 731 968 774 quae
1001 717 1240 774 Langenus
1271 717 1325 760 de
1355 716 1564 760 vocabulo
1607 718 1723 762 dele-

303 787 472 832 nificus'
515 786 572 838 ad
603 800 728 832 suam
758 788 1026 832 sententiam
1066 787 1329 833 fulciendam
1382 787 1589 846 disputat,
1628 789 1722 834 eius

221 896 223 899 Α
303 864 406 903 sunt
422 860 662 911 momenti,
691 864 742 903 ut
771 873 860 903 vox
886 859 1246 916 “geruli-figulus'
1279 859 1451 903 omnino
1484 874 1570 902 non
1591 860 1722 903 Plau-

303 932 397 974 tina
434 930 771 975 demonstretur.
844 929 1045 988 Langeni
1090 931 1226 975 verba
1263 936 1365 975 sunt
1402 931 1528 976 haec:
1603 932 1723 987 „xDas

304 1002 476 1057 einzige
523 1001 778 1044 delenificus
818 1002 978 1045 weicht
1018 1002 1248 1045 scheinbar
1295 1016 1380 1044 von
1419 1001 1585 1046 diesem
1623 1015 1724 1045 con·

305 1076 479 1115 stanton
500 1071 870 1129 Bildunsggesetz
892 1072 963 1129 ab,
997 1072 1102 1116 aber
1124 1071 1179 1116 da
1202 1071 1396 1117 delenire
1428 1072 1563 1117 allein
1594 1073 1724 1116 schon

304 1143 448 1186 lenem
479 1143 625 1185 facere
658 1142 882 1198 bedentet,
917 1143 1134 1186 schwebte
1168 1143 1365 1185 offenbar
1405 1143 1478 1186 bei
1514 1142 1593 1186 der
1630 1143 1723 1186 Bil-

304 1213 423 1270 dung
465 1226 552 1256 von
592 1212 862 1275 delenificus,
906 1201 995 1257 was
1037 1213 1245 1271 iibrigens
1290 1212 1338 1270 ja
1381 1214 1502 1258 nicht
1542 1213 1723 1272 speziell

304 1285 574 1341 plautinisch
598 1321 600 1325 .
620 1285 691 1340 ist,
736 1285 857 1327 nicht
902 1285 980 1327 der
1025 1284 1356 1341 Verbalbegriff
1397 1285 1473 1328 des
1519 1285 1725 1340 delenire,

305 1353 493 1399 sondern
524 1354 602 1398 der
632 1348 993 1412 Nominalbegrif
1020 1347 1096 1398 des
1127 1355 1238 1399 lenis
1269 1369 1347 1399 vor
1378 1354 1568 1413 Augen'.
1597 1354 1723 1406 Quod

304 1432 354 1469 ut
384 1440 565 1482 sumam,
607 1439 756 1469 omnes
796 1427 893 1484 loci,
940 1426 1095 1484 quibus
1142 1440 1229 1470 vox
1269 1427 1535 1471 delenificus'
1576 1440 1724 1470 occur-

304 1499 373 1555 rit,
406 1497 673 1542 dissuadent.

393 1569 663 1613 Adferantur
694 1570 782 1619 iam
814 1582 985 1612 versus:

393 1640 561 1696 M1.·gl.
594 1654 636 1684 v.
671 1641 755 1683 194
787 1640 970 1696 legitur:
1004 1639 1162 1694 „domi
1183 1640 1318 1696 dolos,
1352 1640 1466 1683 domi
1495 1640 1724 1683 delenifica

587 1710 717 1767 facto,
749 1710 866 1753 domi
896 1710 1125 1754 fall&cias“

397 1782 566 1839 Turpil.
597 1796 640 1825 v.
675 1784 752 1825 29:
793 1781 892 1825 vide
925 1783 1082 1825 mirum
1114 1782 1339 1837 ingenium
1372 1796 1421 1825 ac
1453 1781 1723 1824 delenificam

589 1850 818 1894 mulierem

397 1922 564 1978 Turpil.
598 1936 639 1965 v.
676 1924 777 1965 186:
843 1956 853 1966 .
886 1956 896 1965 .
928 1954 941 1970 .,
974 1956 984 1965 .
1019 1956 1028 1965 .
1062 1954 1071 1963 .
1103 1922 1215 1964 forte
1250 1923 1301 1964 eo
1333 1921 1403 1964 die

225 2046 228 2049 Ι
309 1993 552 2037 meretricis
583 1992 640 2036 ad
671 2006 741 2036 me
773 1991 1027 2037 delenificae
1074 1997 1123 2036 ut
1152 1990 1328 2036 Atticae
1359 1992 1660 2037 convenerant.

396 2064 565 2123 Quibus
605 2065 712 2107 locis
751 2078 837 2107 non
884 2070 972 2108 tam
1005 2063 1282 2120 nominalem,
1330 2077 1458 2120 quam
1504 2064 1725 2107 verbalem

306 2136 530 2193 notionem
566 2136 684 2178 vocis
719 2134 1000 2178 ‘delenificus'
1031 2134 1302 2193 praevalere,
1343 2148 1494 2178 sensus
1535 2133 1753 2191 indicat3¹

305 2207 476 2263 mulier,
509 2208 571 2249 ait
602 2206 862 2263 Palaestrio,
895 2220 1009 2263 quae
1041 2210 1109 2250 est
1140 2201 1246 2249 satis
1278 2206 1406 2261 mala,
1439 2205 1574 2249 habet
1610 2206 1725 2251 domi

152 2269 156 2272 ’
226 2314 233 2320 .
306 2277 536 2319 delenifica
557 2276 673 2320 facta
708 2302 761 2307 —
796 2278 824 2321 i.
858 2291 895 2322 e.
928 2276 1056 2333 facta,
1089 2276 1247 2334 quibus
1269 2290 1620 2333 unumquemque
1652 2276 1725 2320 de-

305 2348 416 2390 lenit
458 2371 511 2378 —
560 2346 827 2399 delenientia
873 2347 1018 2403 facta3
1066 2361 1177 2409 qpae
1223 2352 1273 2389 ut
1315 2346 1409 2389 dira
1451 2348 1590 2403 magis
1637 2348 1723 2390 sint

306 2431 436 2473 quam
465 2418 583 2459 lenia
610 2418 705 2460 fieri
747 2421 904 2474 potest.
956 2417 1113 2474 Neque
1143 2417 1371 2474 quisquam
1393 2419 1641 2461 meretrices
1663 2418 1724 2459 le-

305 2503 385 2531 nes
426 2488 737 2545 appellaverit3
791 2488 867 2531 sed
913 2489 1074 2545 optimo
1121 2489 1215 2531 iure
1257 2491 1471 2532 amatores
1511 2488 1724 2532 delenitos

307 2559 535 2615 facientes.
580 2558 768 2614 Legitur
795 2560 979 2617 insuper
1011 2559 1126 2617 apud
1149 2558 1367 2602 Lucilium
1399 2572 1439 2602 V.
1473 2561 1577 2603 548:
1612 2553 1724 2603 ‘con'-

306 2629 600 2674 temni-ficus'.
1687 2638 1692 2640 ’
1705 2627 1709 2644 ²
