1996 3071
916 208 971 251 37

237 300 401 376 Catulli
431 332 620 372 aetatem
651 315 867 370 adiectiva
887 325 1138 383 composita,
1175 335 1392 368 merorum
1413 321 1647 367 adieetivo-

237 417 332 446 rum
362 398 732 460 conglutinatione
763 401 859 440 orta
891 400 1077 454 exstent,
1111 395 1301 439 dubitari
1332 399 1489 452 potest.

323 472 392 514 En
422 469 570 524 habes,
603 481 714 525 quae
745 468 830 510 huc
860 463 1089 510 referenda
1118 466 1335 510 videntur.

156 530 161 534 ⁴
238 538 653 599 omni-potensEnn.
669 538 784 582 Ann.
808 537 911 595 4463
973 539 1274 595 multi-potens
1305 537 1371 580 Pl.
1406 536 1489 589 Tr.
1510 536 1609 579 820.

277 617 349 669 tr.
385 612 488 666 1413
521 609 653 667 Turp.
690 611 786 652 118.
975 610 1102 652 Lucr.
1141 609 1182 651 V
1223 611 1321 665 399,
1376 607 1515 650 Lucil.
1548 607 1647 649 376.

238 682 552 741 alti-pendulus
582 681 625 723 N
627 694 694 723 ov.
730 682 826 724 110.
1308 738 1311 742 „

257 787 261 790 -
326 752 563 798 Verbalem
615 752 731 793 enim
781 751 960 809 stirpem
1010 752 1055 793 in
1106 752 1286 793 istorum
1337 749 1649 792 adiectivorum

238 826 376 869 altera
407 827 531 880 parte
563 822 816 879 praevalere
849 821 960 865 forte
982 822 1139 881 aliquis
1172 821 1436 878 suspicetur;
1468 819 1649 863 refutari
1708 876 1710 878 v

239 899 384 937 tamen
413 886 588 945 videtur
620 891 714 934 eius
746 892 963 934 sententia
994 891 1149 933 vocula
1190 889 1535 947 ‘altipendulus'3
1582 901 1649 933 re-

238 951 434 1023 pugnant
465 977 649 1019 quoque,
683 977 792 1019 quae
822 963 905 1005 sub
936 962 978 1004 A
1010 963 1033 1017 ξ
1066 965 1091 1005 2
1123 963 1176 1005 de
1213 962 1423 1005 vocabulo
1468 961 1648 1017 ‘potens'

239 1034 400 1078 monui.

311 1104 568 1140 Diversitatem
593 1103 747 1149 denique
772 1087 950 1147 quandam
986 1103 1079 1137 inter
1103 1103 1174 1138 tria
1208 1103 1271 1137 illa
1294 1103 1472 1138 adiectiva
1495 1103 1650 1145 exstare,

241 1163 496 1209 quaerentibus
534 1162 636 1196 nobis
674 1162 815 1203 cuinam
845 1161 959 1195 ordini
983 1172 1003 1195 e
1028 1171 1093 1196 sex
1116 1161 1187 1197 illis
1213 1172 1236 1196 a
1259 1161 1396 1207 Boppio
1425 1160 1553 1207 positis
1578 1159 1651 1205 sint

220 1220 439 1266 *tribuendffi
465 1221 570 1256 facile
597 1220 822 1265 perspicitur.
872 1221 1012 1255 Etenim
1036 1220 1134 1255 aliud
1150 1232 1230 1255 esse
1247 1220 1473 1255 sentiendum
1488 1219 1534 1254 de
1556 1219 1650 1253 mul-

239 1282 407 1326 tipotens,
433 1280 673 1324 omnipotens,
698 1279 797 1313 aliud
812 1279 857 1313 de
874 1272 1117 1323 altipendulus
1134 1289 1237 1314 nemo
1260 1289 1332 1313 non
1356 1278 1472 1323 videt3
1496 1278 1565 1313 hoc
1582 1277 1650 1313 sci-

239 1340 322 1374 licet
348 1338 625 1384 compositorum
656 1338 1010 1373 determinativorum
1045 1334 1368 1384 (karmad‘araya)‚‘
1390 1338 1454 1372 illa
1477 1337 1652 1382 composi-

241 1401 360 1433 torum
386 1397 570 1443 regiminis
595 1407 742 1449 numero
766 1397 934 1432 tribuam.
961 1397 1022 1442 (cf.
1046 1407 1170 1443 parag.
1196 1396 1391 1441 subsequ.).

310 1454 611 1514 gSchroedero,
643 1454 719 1511 qui
748 1454 877 1497 huius
908 1454 1024 1500 modi
1056 1454 1269 1498 adiectiva
1299 1455 1346 1497 in
1375 1455 1404 1497 l.
1426 1469 1462 1498 c.
1490 1469 1532 1512 p.
1565 1455 1650 1497 330

245 1542 300 1573 ss.
337 1529 578 1581 enumerat,
625 1526 663 1567 si
709 1525 839 1568 fidem
870 1525 1032 1568 habere
1077 1539 1318 1582 possumus,
1356 1530 1530 1583 praeter
1559 1538 1650 1569 cre-

239 1596 403 1640 briores
443 1591 722 1650 formationes
754 1596 1010 1654 incipientes
1053 1597 1225 1640 vocula·
1255 1597 1388 1641 ‘semi’
1428 1601 1650 1655 quattuor-

242 1668 380 1711 decim
410 1681 585 1724 prorsus
608 1665 811 1723 exempla
832 1666 1142 1710 adiectivorum
1170 1669 1502 1726 compositorum
1522 1668 1650 1710 huius

247 1737 422 1803 generis
442 1752 524 1800 per
554 1742 699 1785 totam,
715 1738 976 1799 latinitatem
999 1744 1239 1782 occurrunt.
1271 1739 1417 1796 Atque
1439 1738 1494 1781 de
1514 1738 1652 1781 tribus

243 1823 299 1852 ex
328 1809 410 1854 hoc
440 1822 620 1859 numero
653 1808 879 1852 adiectivis
905 1810 999 1866 ipse
1022 1809 1315 1852 Schroederus
1336 1809 1652 1852 dubitationem

242 1880 396 1935 movit3
443 1879 559 1922 dico:
620 1879 923 1937 ‘falsiloquax',
981 1880 1294 1936 ‘mali-loquax'
1347 1879 1649 1934 ‘multi-scius',

242 1962 354 2006 quae
383 1950 737 2005 interrogationis
768 1950 891 2006 signo
924 1950 1118 2007 adposito
1160 1949 1375 1993 adiectiva
1406 1949 1650 2007 synthetica

243 2032 338 2062 esse
368 2016 544 2062 iudicat.
606 2020 772 2063 Verum
804 2022 888 2062 tria
918 2021 1027 2063 haec
1068 2021 1239 2063 omnino
1272 2035 1328 2063 ex
1359 2021 1439 2063 hoc
1485 2019 1650 2062 ambitu

243 2089 464 2133 secludere
495 2091 642 2147 nolim,
690 2105 785 2134 cum
831 2095 875 2134 et
921 2092 1107 2148 ‘loquax’
1155 2091 1357 2135 adiectivi
1392 2091 1559 2134 vicibus
1605 2091 1650 2133 in

242 2153 548 2215 uetustissimis
568 2153 570 2155 ’
588 2162 831 2205 litterarum
869 2162 1163 2206 Romonarum
1204 2163 1399 2220 reliquiis
1430 2161 1672 2218 fungatur„

245 2235 289 2274 et
322 2231 464 2275 ‘scius'
497 2233 613 2290 apud
643 2234 785 2290 ipsum
816 2234 1056 2277 Pacuvium
1086 2235 1173 2276 iam
1202 2248 1245 2278 v.
1277 2235 1360 2277 316
1393 2237 1601 2276 occurrat.

331 2301 477 2359 Atque
498 2307 680 2361 apparet
710 2305 755 2346 in
786 2304 984 2347 omnibus
1015 2304 1239 2347 adjectivis
1269 2304 1396 2347 huius
1427 2303 1543 2346 modi
1564 2303 1651 2360 pri-

245 2384 363 2415 orem
383 2374 608 2430 compositi
630 2374 874 2430 partem‘de
896 2375 1034 2418 altera
1050 2374 1295 2432 dependere
1310 2375 1382 2418 vel
1398 2373 1650 2434 certioribus

244 2441 402 2485 finibus
449 2456 502 2485 ea
549 2445 856 2489 circumscribi.
919 2446 1041 2496 Quae
1087 2450 1155 2489 est
1200 2447 1324 2502 ratio,
1360 2460 1448 2493 cur
1476 2459 1502 2488 a
1547 2444 1651 2487 viris
1683 2468 1699 2479 κ

246 2511 395 2569 doctis,
428 2514 503 2570 qui
532 2514 740 2560 Indorum
771 2516 1120 2569 distributionem
1151 2521 1375 2575 usurpant,
1414 2517 1459 2559 in
1500 2514 1651 2560 ordino

247 2582 675 2630 determinativorum
705 2576 1037 2644 compositorum
1069 2591 1297 2644 ponantur.
1330 2585 1399 2641 (cf.
1431 2586 1658 2643 Uhdolph.v

245 2654 273 2697 l.
306 2667 414 2712 c.⁴p.
446 2656 542 2711 82).-
604 2707 607 2709 ¹
