1996 3071
933 174 987 245 στ’

222 345 226 349 ,
255 286 377 345 nulla
405 290 549 343 aetate
579 295 687 339 talia
718 295 930 339 voeabula
949 295 1079 341 nimis
1101 294 1376 353 frequentate
1408 299 1520 339 sunt.
1565 295 1661 339 Hu-

254 372 451 414 miliores.
475 368 832 425 remissioresque
864 371 1020 424 poetae
1062 380 1166 410 vero
1198 366 1334 409 multo
1367 368 1574 410 maiorem
1606 368 1660 410 iis

255 431 431 499 operam
463 437 633 483 dedisse
674 438 857 495 putandi
889 441 991 481 sunt
1030 451 1160 496 quam
1202 436 1254 481 de
1286 438 1403 481 culta
1420 497 1424 503 .
1441 438 1587 496 aliqua
1617 442 1662 480 et

255 508 407 555 ornata‘
437 509 625 553 dictione
648 507 876 552 cautiores.
939 508 1085 566 Atque
1118 509 1163 551 in
1185 509 1448 564 tragicorum
1479 510 1660 552 comico-

251 596 435 640 rumque
465 579 662 637 reliquiis
684 579 966 623 inveniuntur
985 579 1195 623 nonnulla
1225 580 1560 641 compositorum
1581 579 1660 622 hu-

254 652 438 699 iusmodi
469 646 692 707 exempla3
723 664 875 693 verum
905 665 1003 693 cum
1024 651 1232 707 plurimos
1254 664 1405 693 eorum
1436 650 1658 707 exempla-

251 724 370 768 ribus
399 722 568 779 graecis
600 720 806 781 lectitatis
828 722 1008 765 nimium
1029 720 1263 778 profecisse
1295 725 1476 777 constet,
1510 734 1654 779 neque

252 807 412 851 paucos
443 792 706 836 verbotenus
749 806 802 835 ea
841 793 1039 849 vertisse,
1087 793 1216 835 huius
1264 792 1379 835 modi
1421 793 1659 848 composita

252 862 409 922 graeca
449 865 495 907 in
540 862 710 907 fabulas
743 864 899 907 latinas
939 863 1136 907 traducta
1183 877 1279 906 esse
1320 866 1659 907 consentaneum

252 939 345 986 est„
396 922 521 983 Quod
552 933 726 990 quidem
767 948 842 991 pro
880 938 1019 977 certo·
1039 933 1286 991 praedicem
1324 933 1378 976 de
1409 933 1658 990 compositis

254 1004 536 1062 ‘quadrurbsss
570 1003 684 1061 quod
713 1003 901 1048 Athenis
934 1008 1001 1048 est
1021 1004 1220 1061 inditum,
1255 1004 1479 1061 ‘bicorpor'
1511 1004 1657 1047 Palla·

253 1075 318 1120 dis
348 1075 617 1132 cognomine.
679 1075 747 1118 De
780 1075 877 1118 aliis
915 1089 994 1133 pro
1034 1089 1132 1119 mea
1174 1075 1349 1133 quidem
1387 1079 1521 1132 parte,
1542 1075 1657 1118 haud

251 1147 378 1190 aliter
417 1147 572 1201 seuti0,
613 1146 778 1189 reicere
818 1160 921 1190 vero
953 1147 1167 1190 noluerim
1200 1161 1350 1190 eorum
1381 1147 1654 1202 sententiam,

252 1218 326 1275 qui
357 1231 434 1274 pro
467 1211 589 1259 varia
619 1217 811 1274 singulos
844 1221 994 1274 poetas
1016 1218 1161 1261 indole
1186 1232 1376 1262 novasse
1408 1232 1461 1262 ea
1492 1222 1568 1261 aut
1598 1217 1653 1260 de

250 1289 402 1345 lingua
432 1287 624 1345 pedestri
656 1289 940 1345 assumpsisse
965 1288 1141 1333 credere
1172 1290 1338 1333 malint.
1401 1289 1528 1339 Quod
1559 1290 1652 1346 qui-

248 1358 350 1401 dem
381 1357 434 1401 de
466 1358 622 1400 Plauto
654 1371 731 1400 suo
753 1358 847 1400 iure
879 1358 1036 1415 aliquis
1061 1359 1308 1414 contendat,
1342 1360 1502 1415 quippe
1525 1371 1653 1416 quem

251 1427 468 1484 permulta
499 1426 551 1469 de
572 1432 661 1469 ‘suo
690 1425 910 1482 ¹addidisse
943 1431 1123 1471 constet.

338 1521 578 1565 Severioris
610 1534 712 1564 vero
753 1521 953 1565 dictionis
992 1526 1142 1579 poetas
1184 1521 1408 1565 huiumodi
1440 1522 1653 1565 vocabula

249 1584 376 1648 quam
408 1593 824 1653 maximeevitasse,
857 1592 1050 1635 Terentii
1071 1593 1159 1635 iam
1189 1593 1469 1649 Lucretiique
1501 1607 1650 1636 eorum

179 1659 183 1665 ’
247 1662 391 1707 taedio
443 1668 638 1721 apparet.
698 1663 908 1721 Exceptis
960 1664 1075 1707 enim
1121 1664 1356 1707 tritissimis
1407 1664 1650 1720 univnrsus,

247 1735 446 1790 simplex,
488 1735 651 1791 duplex
684 1732 913 1777 Terentius
950 1735 1060 1781 nihil
1100 1736 1280 1777 istorum
1319 1736 1650 1791 compositorum

210 1795 219 1801 ’
246 1803 442 1863 praebet,
466 1810 619 1863 atque
658 1805 889 1849 Lueretius
928 1819 1131 1861 graecum
1173 1806 1436 1862 ‘triquetrus'
1468 1820 1649 1863 usurpa-

211 1864 214 1866 *
245 1876 310 1917 vit
328 1876 474 1932 ,(quod
505 1877 677 1933 quidem
720 1877 883 1919 evitare
930 1890 1016 1918 non
1054 1876 1214 1932 potuit)
1252 1881 1297 1918 et
1335 1877 1526 1919 tritiores
1558 1874 1650 1920 tum

245 1945 331 1988 sam
372 1948 578 2004 temporis
616 1938 846 2003 ‘bisulcus',
872 1946 1141 2004 *quadrupes'
1182 1947 1396 2003 ‘bijugus'‚
1435 1948 1649 1991 ‘semiani-

245 2016 352 2059 mus'
377 2017 726 2062 -‘semimarinus’.
883 2028 885 2031 ·
1119 2014 1127 2024 “

281 2105 284 2109 ’
334 2102 537 2168 Optimae
571 2112 727 2157 deinde
759 2117 889 2156 notae
913 2117 1068 2169 poetae
1101 2126 1237 2156 aurea·
1264 2116 1407 2156 aetate
1439 2112 1542 2155 talia
1575 2124 1647 2154 vo-

245 2181 412 2239 cabula,
455 2183 558 2227 licet
589 2185 676 2227 sint
706 2167 788 2227 usu
826 2185 1004 2243 sancita,
1037 2189 1304 2241 spreverunt.
1368 2183 1450 2238 (Of.
1483 2183 1535 2225 de
1568 2184 1647 2226 hae

244 2265 291 2293 re
322 2252 474 2296 Seitzii
506 2255 542 2301 1.,
567 2257 642 2311 οἷς)
664 2255 938 2312 proferantur
967 2269 1069 2298 vero
1098 2256 1191 2298 eius
1213 2255 1265 2297 de
1287 2255 1469 2298 Horatio
1491 2254 1646 2297 verba:

244 2324 502 2382 „‘ampullas
538 2333 583 2372 et
622 2328 943 2386 sesquipedalia
984 2328 1118 2373 verba
1159 2328 1422 2385 exprobrans
1455 2328 1646 2384 tragicis'

243 2394 484 2451 ponderosa
516 2399 645 2443 simul
675 2414 779 2444 num
809 2398 1145 2457 reprehenderit
1168 2400 1402 2456 composita
1434 2399 1649 2442 incertum

244 2469 324 2521 est,
357 2472 522 2511 eertum
555 2476 621 2514 est
642 2472 784 2528 ipsum
804 2485 902 2514 eum
922 2472 1172 2529 parcissime
1205 2470 1287 2513 sibi
1319 2469 1549 2513 indulsisse
1584 2475 1647 2513 ta-

243 2534 330 2580 lem
363 2544 560 2584 ornatum
601 2547 693 2586 tum
732 2543 776 2586 in
817 2543 975 2586 saturis
1015 2542 1136 2586 nulla
1176 2542 1266 2599 fere
1300 2540 1525 2588 admisisse
1563 2541 1647 2587 nisi

246 2618 271 2649 a
302 2610 516 2652 numerali
548 2611 676 2655 ducta
707 2613 939 2670 pedestria.
952 2614 984 2638 “³
1490 2613 1515 2633 Χ
