<?xml version="1.0" encoding="UTF-8"?>
<!DOCTYPE html PUBLIC "-//W3C//DTD XHTML 1.0 Transitional//EN"
    "http://www.w3.org/TR/xhtml1/DTD/xhtml1-transitional.dtd">
<html xmlns="http://www.w3.org/1999/xhtml" xml:lang="en" lang="en">
 <head>
  <title>
</title>
<meta http-equiv="Content-Type" content="text/html;charset=utf-8" />
  <meta name='ocr-system' content='tesseract 3.04.00' />
  <meta name='ocr-capabilities' content='ocr_page ocr_carea ocr_par ocr_line ocrx_word'/>
</head>
<body>
  <div class='ocr_page' id='page_1' title='image "4737817_0039.png"; bbox 0 0 1996 3071; ppageno 0'>
   <div class='ocr_carea' id='block_1_1' title="bbox 1030 192 1091 239">
    <p class='ocr_par' dir='ltr' id='par_1_1' title="bbox 1030 192 1091 239">
     <span class='ocr_line' id='line_1_1' title="bbox 1030 192 1091 239; baseline 0.016 -1"><span class='ocrx_word' id='word_1_1' title='bbox 1030 192 1091 239; x_wconf 76' lang='lat'><strong>32</strong></span> 
     </span>
    </p>
   </div>
   <div class='ocr_carea' id='block_1_2' title="bbox 350 287 1764 513">
    <p class='ocr_par' dir='ltr' id='par_1_2' title="bbox 350 287 1764 513">
     <span class='ocr_line' id='line_1_2' title="bbox 350 287 1764 371; baseline -0.002 -14"><span class='ocrx_word' id='word_1_2' title='bbox 350 287 468 357; x_wconf 73' lang='lat' dir='ltr'><strong>viros</strong></span> <span class='ocrx_word' id='word_1_3' title='bbox 497 312 646 356; x_wconf 85' lang='lat' dir='ltr'><strong>doctos</strong></span> <span class='ocrx_word' id='word_1_4' title='bbox 677 313 958 370; x_wconf 76' lang='lat' dir='ltr'><strong>disceptatur.</strong></span> <span class='ocrx_word' id='word_1_5' title='bbox 1018 311 1174 371; x_wconf 84' lang='lat' dir='ltr'>Neque</span> <span class='ocrx_word' id='word_1_6' title='bbox 1206 317 1351 355; x_wconf 86' lang='lat' dir='ltr'><strong>tamen</strong></span> <span class='ocrx_word' id='word_1_7' title='bbox 1373 312 1573 355; x_wconf 89' lang='lat' dir='ltr'><strong>omnibus</strong></span> <span class='ocrx_word' id='word_1_8' title='bbox 1603 312 1764 358; x_wconf 81' lang='lat' dir='ltr'><strong>discer-</strong></span> 
     </span>
     <span class='ocr_line' id='line_1_3' title="bbox 351 380 1762 442; baseline -0.001 -14"><span class='ocrx_word' id='word_1_9' title='bbox 351 384 483 428; x_wconf 87' lang='lat' dir='ltr'><strong>nendi</strong></span> <span class='ocrx_word' id='word_1_10' title='bbox 535 384 713 427; x_wconf 74' lang='lat' dir='ltr'><strong>auxiliis</strong></span> <span class='ocrx_word' id='word_1_11' title='bbox 764 383 1113 442; x_wconf 82' lang='lat' dir='ltr'><strong>diiudicandique</strong></span> <span class='ocrx_word' id='word_1_12' title='bbox 1181 384 1293 428; x_wconf 91' lang='lat' dir='ltr'><strong>notis</strong></span> <span class='ocrx_word' id='word_1_13' title='bbox 1343 380 1491 427; x_wconf 87' lang='lat' dir='ltr'><strong>sumus</strong></span> <span class='ocrx_word' id='word_1_14' title='bbox 1544 383 1762 439; x_wconf 85' lang='lat' dir='ltr'><strong>destituti3</strong></span> 
     </span>
     <span class='ocr_line' id='line_1_4' title="bbox 351 447 1763 513; baseline -0.001 -15"><span class='ocrx_word' id='word_1_15' title='bbox 351 456 636 513; x_wconf 88' lang='lat' dir='ltr'><strong>praecipuum</strong></span> <span class='ocrx_word' id='word_1_16' title='bbox 681 468 783 497; x_wconf 87' lang='lat' dir='ltr'><strong>vero</strong></span> <span class='ocrx_word' id='word_1_17' title='bbox 824 447 991 510; x_wconf 80' lang='lat' dir='ltr'><strong>ducem,</strong></span> <span class='ocrx_word' id='word_1_18' title='bbox 1038 456 1109 498; x_wconf 89' lang='lat' dir='ltr'><strong>cui</strong></span> <span class='ocrx_word' id='word_1_19' title='bbox 1155 455 1418 499; x_wconf 88' lang='lat' dir='ltr'><strong>confidentes</strong></span> <span class='ocrx_word' id='word_1_20' title='bbox 1464 468 1542 512; x_wconf 86' lang='lat' dir='ltr'><strong>per</strong></span> <span class='ocrx_word' id='word_1_21' title='bbox 1572 455 1763 511; x_wconf 87' lang='lat' dir='ltr'><strong>amplum</strong></span> 
     </span>
    </p>
   </div>
   <div class='ocr_carea' id='block_1_3' title="bbox 353 524 1840 584">
    <p class='ocr_par' dir='ltr' id='par_1_3' title="bbox 353 524 1840 584">
     <span class='ocr_line' id='line_1_5' title="bbox 353 524 1840 584; baseline -0.001 -15"><span class='ocrx_word' id='word_1_22' title='bbox 353 524 660 584; x_wconf 86' lang='lat' dir='ltr'><strong>desertumque</strong></span> <span class='ocrx_word' id='word_1_23' title='bbox 697 539 899 584; x_wconf 90' lang='lat' dir='ltr'><strong>campum</strong></span> <span class='ocrx_word' id='word_1_24' title='bbox 928 539 1014 568; x_wconf 91' lang='lat' dir='ltr'><strong>non</strong></span> <span class='ocrx_word' id='word_1_25' title='bbox 1053 525 1286 569; x_wconf 83' lang='lat' dir='ltr'><strong>errabundi</strong></span> <span class='ocrx_word' id='word_1_26' title='bbox 1326 531 1537 582; x_wconf 76' lang='lat' dir='ltr'><strong>vagamur</strong></span> <span class='ocrx_word' id='word_1_27' title='bbox 1581 525 1764 583; x_wconf 78' lang='lat' dir='ltr'><strong>praebet</strong></span> <span class='ocrx_word' id='word_1_28' title='bbox 1832 547 1840 555; x_wconf 87' lang='lat'><em>-</em></span> 
     </span>
    </p>
   </div>
   <div class='ocr_carea' id='block_1_4' title="bbox 283 590 1816 1220">
    <p class='ocr_par' dir='ltr' id='par_1_4' title="bbox 283 590 1816 1007">
     <span class='ocr_line' id='line_1_6' title="bbox 283 590 1763 660; baseline -0.001 -20"><span class='ocrx_word' id='word_1_29' title='bbox 283 627 287 631; x_wconf 92' lang='lat'><em>-</em></span> <span class='ocrx_word' id='word_1_30' title='bbox 353 596 604 641; x_wconf 88' lang='lat' dir='ltr'><strong>intellectus</strong></span> <span class='ocrx_word' id='word_1_31' title='bbox 655 597 991 654; x_wconf 83' lang='lat' dir='ltr'><strong>compositorum</strong></span> <span class='ocrx_word' id='word_1_32' title='bbox 1042 596 1325 653; x_wconf 84' lang='lat' dir='ltr'><strong>-quorundam</strong></span> <span class='ocrx_word' id='word_1_33' title='bbox 1374 597 1615 639; x_wconf 88' lang='lat' dir='ltr'><strong>dubiorum.</strong></span> <span class='ocrx_word' id='word_1_34' title='bbox 1666 590 1763 660; x_wconf 22' lang='lat' dir='ltr'><strong>&#39;De</strong></span> 
     </span>
     <span class='ocr_line' id='line_1_7' title="bbox 353 658 1816 732; baseline 0 -21"><span class='ocrx_word' id='word_1_35' title='bbox 353 669 574 712; x_wconf 85' lang='lat' dir='ltr'><strong>nonnullis</strong></span> <span class='ocrx_word' id='word_1_36' title='bbox 598 664 789 726; x_wconf 39' lang='lat' dir='ltr'><strong>*quoque</strong></span> <span class='ocrx_word' id='word_1_37' title='bbox 835 681 913 726; x_wconf 90' lang='lat' dir='ltr'><strong>per</strong></span> <span class='ocrx_word' id='word_1_38' title='bbox 950 667 1196 724; x_wconf 87' lang='lat' dir='ltr'><strong>analogiam</strong></span> <span class='ocrx_word' id='word_1_39' title='bbox 1234 669 1391 732; x_wconf 53' lang='lat' dir='ltr'><strong>¹aliqua</strong></span> <span class='ocrx_word' id='word_1_40' title='bbox 1429 667 1514 714; x_wconf 80' lang='lat' dir='ltr'><strong>fide</strong></span> <span class='ocrx_word' id='word_1_41' title='bbox 1556 667 1764 711; x_wconf 89' lang='lat' dir='ltr'><strong>iudicium</strong></span> <span class='ocrx_word' id='word_1_42' title='bbox 1812 658 1816 663; x_wconf 67' lang='grc'><strong>’</strong></span> 
     </span>
     <span class='ocr_line' id='line_1_8' title="bbox 353 738 1763 791; baseline 0 -10"><span class='ocrx_word' id='word_1_43' title='bbox 353 742 434 782; x_wconf 90' lang='lat' dir='ltr'><strong>est.</strong></span> <span class='ocrx_word' id='word_1_44' title='bbox 476 739 609 783; x_wconf 47' lang='lat' dir='ltr'><strong>&lt;Prae</strong></span> <span class='ocrx_word' id='word_1_45' title='bbox 651 739 750 781; x_wconf 83' lang='lat' dir='ltr'><strong>aliis</strong></span> <span class='ocrx_word' id='word_1_46' title='bbox 795 752 898 782; x_wconf 89' lang='lat' dir='ltr'><strong>vero</strong></span> <span class='ocrx_word' id='word_1_47' title='bbox 939 738 1164 781; x_wconf 77' lang='lat' dir='ltr'><strong>dissidium</strong></span> <span class='ocrx_word' id='word_1_48' title='bbox 1211 742 1277 781; x_wconf 90' lang='lat' dir='ltr'><strong>est</strong></span> <span class='ocrx_word' id='word_1_49' title='bbox 1315 739 1433 781; x_wconf 90' lang='lat' dir='ltr'><strong>haud</strong></span> <span class='ocrx_word' id='word_1_50' title='bbox 1476 739 1573 781; x_wconf 87' lang='lat' dir='ltr'><strong>leve</strong></span> <span class='ocrx_word' id='word_1_51' title='bbox 1611 738 1664 780; x_wconf 89' lang='lat' dir='ltr'><strong>de</strong></span> <span class='ocrx_word' id='word_1_52' title='bbox 1710 738 1763 791; x_wconf 84' lang='lat' dir='ltr'><strong>iis</strong></span> 
     </span>
     <span class='ocr_line' id='line_1_9' title="bbox 352 809 1764 866; baseline -0.001 -15"><span class='ocrx_word' id='word_1_53' title='bbox 352 811 602 865; x_wconf 88' lang='lat' dir='ltr'><strong>compositis</strong></span> <span class='ocrx_word' id='word_1_54' title='bbox 633 810 761 851; x_wconf 90' lang='lat' dir='ltr'><strong>huius</strong></span> <span class='ocrx_word' id='word_1_55' title='bbox 793 809 922 864; x_wconf 87' lang='lat' dir='ltr'><strong>modi,</strong></span> <span class='ocrx_word' id='word_1_56' title='bbox 965 823 1156 866; x_wconf 80' lang='lat' dir='ltr'><strong>quorum·</strong></span> <span class='ocrx_word' id='word_1_57' title='bbox 1176 810 1394 864; x_wconf 80' lang='lat' dir='ltr'><strong>posterius</strong></span> <span class='ocrx_word' id='word_1_58' title='bbox 1439 809 1679 852; x_wconf 79' lang='lat' dir='ltr'><strong>membrum</strong></span> <span class='ocrx_word' id='word_1_59' title='bbox 1718 809 1764 850; x_wconf 89' lang='lat' dir='ltr'><strong>iu</strong></span> 
     </span>
     <span class='ocr_line' id='line_1_10' title="bbox 354 878 1764 939; baseline -0.001 -16"><span class='ocrx_word' id='word_1_60' title='bbox 354 893 525 936; x_wconf 86' lang='lat' dir='ltr'><strong>-genus‚</strong></span> <span class='ocrx_word' id='word_1_61' title='bbox 579 892 712 937; x_wconf 88' lang='lat' dir='ltr'><strong>-gena</strong></span> <span class='ocrx_word' id='word_1_62' title='bbox 758 879 928 935; x_wconf 86' lang='lat' dir='ltr'><strong>desinit,</strong></span> <span class='ocrx_word' id='word_1_63' title='bbox 982 883 1112 938; x_wconf 87' lang='lat' dir='ltr'><strong>atque</strong></span> <span class='ocrx_word' id='word_1_64' title='bbox 1157 879 1209 922; x_wconf 89' lang='lat' dir='ltr'><strong>de</strong></span> <span class='ocrx_word' id='word_1_65' title='bbox 1273 879 1456 936; x_wconf 83' lang='lat' dir='ltr'><strong>singulis</strong></span> <span class='ocrx_word' id='word_1_66' title='bbox 1508 878 1764 939; x_wconf 89' lang='lat' dir='ltr'><strong>quibusdam</strong></span> 
     </span>
     <span class='ocr_line' id='line_1_11' title="bbox 354 939 1764 1007; baseline 0 -15"><span class='ocrx_word' id='word_1_67' title='bbox 354 964 392 992; x_wconf 90' lang='lat' dir='ltr'><strong>e.</strong></span> <span class='ocrx_word' id='word_1_68' title='bbox 424 965 467 1005; x_wconf 87' lang='lat' dir='ltr'><strong>g.</strong></span> <span class='ocrx_word' id='word_1_69' title='bbox 498 950 832 1007; x_wconf 87' lang='lat' dir='ltr'><strong>vorsi-capillus,</strong></span> <span class='ocrx_word' id='word_1_70' title='bbox 872 951 1159 1006; x_wconf 86' lang='lat' dir='ltr'><strong>vorsi-pellis3</strong></span> <span class='ocrx_word' id='word_1_71' title='bbox 1213 952 1343 1007; x_wconf 85' lang='lat' dir='ltr'><strong>(quae</strong></span> <span class='ocrx_word' id='word_1_72' title='bbox 1379 952 1464 994; x_wconf 90' lang='lat' dir='ltr'><strong>huc</strong></span> <span class='ocrx_word' id='word_1_73' title='bbox 1484 966 1570 994; x_wconf 90' lang='lat' dir='ltr'><strong>non</strong></span> <span class='ocrx_word' id='word_1_74' title='bbox 1591 939 1764 1005; x_wconf 72' lang='lat' dir='ltr'><strong>refe‘ro.)</strong></span> 
     </span>
    </p>

    <p class='ocr_par' dir='ltr' id='par_1_5' title="bbox 352 1021 1763 1220">
     <span class='ocr_line' id='line_1_12' title="bbox 443 1021 1763 1079; baseline 0.001 -15"><span class='ocrx_word' id='word_1_75' title='bbox 443 1021 530 1065; x_wconf 83' lang='lat' dir='ltr'><strong>Sed</strong></span> <span class='ocrx_word' id='word_1_76' title='bbox 571 1022 825 1079; x_wconf 85' lang='lat' dir='ltr'><strong>priusquam</strong></span> <span class='ocrx_word' id='word_1_77' title='bbox 866 1021 921 1064; x_wconf 86' lang='lat' dir='ltr'><strong>ad</strong></span> <span class='ocrx_word' id='word_1_78' title='bbox 960 1022 1045 1065; x_wconf 82' lang='lat' dir='ltr'><strong>ist&#39;a</strong></span> <span class='ocrx_word' id='word_1_79' title='bbox 1080 1021 1385 1079; x_wconf 84' lang='lat' dir='ltr'><strong>pertractanda</strong></span> <span class='ocrx_word' id='word_1_80' title='bbox 1415 1022 1586 1079; x_wconf 79' lang='lat' dir='ltr'><strong>accedo,</strong></span> <span class='ocrx_word' id='word_1_81' title='bbox 1627 1022 1679 1065; x_wconf 91' lang='lat' dir='ltr'><strong>de</strong></span> <span class='ocrx_word' id='word_1_82' title='bbox 1716 1035 1763 1065; x_wconf 90' lang='lat' dir='ltr'><strong>re</strong></span> 
     </span>
     <span class='ocr_line' id='line_1_13' title="bbox 353 1092 1763 1151; baseline 0 -16"><span class='ocrx_word' id='word_1_83' title='bbox 353 1106 449 1136; x_wconf 86' lang='lat' dir='ltr'><strong>esse</strong></span> <span class='ocrx_word' id='word_1_84' title='bbox 471 1093 578 1134; x_wconf 93' lang='lat' dir='ltr'><strong>mihi</strong></span> <span class='ocrx_word' id='word_1_85' title='bbox 598 1092 785 1148; x_wconf 83' lang='lat' dir='ltr'><strong>videtur,</strong></span> <span class='ocrx_word' id='word_1_86' title='bbox 818 1097 867 1135; x_wconf 90' lang='lat' dir='ltr'><strong>ut</strong></span> <span class='ocrx_word' id='word_1_87' title='bbox 888 1106 999 1150; x_wconf 85' lang='lat' dir='ltr'><strong>quae</strong></span> <span class='ocrx_word' id='word_1_88' title='bbox 1022 1092 1235 1135; x_wconf 80' lang='lat' dir='ltr'><strong>adiectiva</strong></span> <span class='ocrx_word' id='word_1_89' title='bbox 1260 1092 1377 1150; x_wconf 89' lang='lat' dir='ltr'><strong>apud</strong></span> <span class='ocrx_word' id='word_1_90' title='bbox 1397 1093 1591 1149; x_wconf 85' lang='lat' dir='ltr'><strong>singulos</strong></span> <span class='ocrx_word' id='word_1_91' title='bbox 1612 1097 1763 1151; x_wconf 89' lang='lat' dir='ltr'><strong>poetas</strong></span> 
     </span>
     <span class='ocr_line' id='line_1_14' title="bbox 352 1162 862 1220; baseline 0 -14"><span class='ocrx_word' id='word_1_92' title='bbox 352 1163 568 1220; x_wconf 88' lang='lat' dir='ltr'><strong>legantur,</strong></span> <span class='ocrx_word' id='word_1_93' title='bbox 601 1162 862 1206; x_wconf 86' lang='lat' dir='ltr'><strong>referantur.</strong></span> 
     </span>
    </p>
   </div>
   <div class='ocr_carea' id='block_1_5' title="bbox 341 1244 1776 1823">
    <p class='ocr_par' dir='ltr' id='par_1_6' title="bbox 341 1244 1776 1823">
     <span class='ocr_line' id='line_1_15' title="bbox 422 1244 1765 1299; baseline 0.001 -20"><span class='ocrx_word' id='word_1_94' title='bbox 422 1245 545 1299; x_wconf 80' lang='lat' dir='ltr'><strong>Atque</strong></span> <span class='ocrx_word' id='word_1_95' title='bbox 570 1244 675 1280; x_wconf 80' lang='lat' dir='ltr'><strong>facile</strong></span> <span class='ocrx_word' id='word_1_96' title='bbox 704 1245 921 1290; x_wconf 84' lang='lat' dir='ltr'><strong>perspicitur</strong></span> <span class='ocrx_word' id='word_1_97' title='bbox 949 1245 1129 1279; x_wconf 79' lang='lat' dir='ltr'><strong>adiectiva</strong></span> <span class='ocrx_word' id='word_1_98' title='bbox 1152 1245 1259 1280; x_wconf 91' lang='lat' dir='ltr'><strong>huius</strong></span> <span class='ocrx_word' id='word_1_99' title='bbox 1285 1245 1433 1291; x_wconf 73' lang='lat' dir='ltr'><strong>‘generis</strong></span> <span class='ocrx_word' id='word_1_100' title='bbox 1465 1257 1546 1281; x_wconf 89' lang='lat' dir='ltr'><strong>esse</strong></span> <span class='ocrx_word' id='word_1_101' title='bbox 1570 1246 1765 1291; x_wconf 87' lang='lat' dir='ltr'><strong>composita</strong></span> 
     </span>
     <span class='ocr_line' id='line_1_16' title="bbox 352 1303 1764 1350; baseline 0.001 -12"><span class='ocrx_word' id='word_1_102' title='bbox 352 1303 559 1349; x_wconf 78' lang='lat' dir='ltr'><strong>possessiva</strong></span> <span class='ocrx_word' id='word_1_103' title='bbox 595 1304 832 1350; x_wconf 81' lang='lat' dir='ltr'><strong>(bahuvrihi).</strong></span> <span class='ocrx_word' id='word_1_104' title='bbox 882 1303 1064 1349; x_wconf 83' lang='lat' dir='ltr'><strong>Celeripes</strong></span> <span class='ocrx_word' id='word_1_105' title='bbox 1102 1303 1214 1350; x_wconf 87' lang='lat' dir='ltr'><strong>igitur</strong></span> <span class='ocrx_word' id='word_1_106' title='bbox 1238 1307 1293 1339; x_wconf 92' lang='lat' dir='ltr'><strong>est</strong></span> <span class='ocrx_word' id='word_1_107' title='bbox 1318 1305 1361 1349; x_wconf 90' lang='lat' dir='ltr'><strong>is,</strong></span> <span class='ocrx_word' id='word_1_108' title='bbox 1398 1305 1461 1349; x_wconf 93' lang='lat' dir='ltr'><strong>qui</strong></span> <span class='ocrx_word' id='word_1_109' title='bbox 1496 1306 1630 1340; x_wconf 86' lang='lat' dir='ltr'><strong>celeres</strong></span> <span class='ocrx_word' id='word_1_110' title='bbox 1654 1305 1764 1349; x_wconf 84' lang='lat' dir='ltr'><strong>pedes</strong></span> 
     </span>
     <span class='ocr_line' id='line_1_17' title="bbox 353 1363 1764 1408; baseline 0 -10"><span class='ocrx_word' id='word_1_111' title='bbox 353 1364 474 1408; x_wconf 84' lang='lat' dir='ltr'><strong>habet,</strong></span> <span class='ocrx_word' id='word_1_112' title='bbox 508 1363 722 1398; x_wconf 85' lang='lat' dir='ltr'><strong>flexanimus</strong></span> <span class='ocrx_word' id='word_1_113' title='bbox 748 1366 803 1399; x_wconf 89' lang='lat' dir='ltr'><strong>est</strong></span> <span class='ocrx_word' id='word_1_114' title='bbox 828 1364 871 1408; x_wconf 91' lang='lat' dir='ltr'><strong>is,</strong></span> <span class='ocrx_word' id='word_1_115' title='bbox 912 1363 974 1408; x_wconf 90' lang='lat' dir='ltr'><strong>qui</strong></span> <span class='ocrx_word' id='word_1_116' title='bbox 1004 1363 1161 1398; x_wconf 83' lang='lat' dir='ltr'><strong>animum</strong></span> <span class='ocrx_word' id='word_1_117' title='bbox 1192 1364 1393 1399; x_wconf 85' lang='lat' dir='ltr'><strong>flexabilem</strong></span> <span class='ocrx_word' id='word_1_118' title='bbox 1418 1364 1538 1399; x_wconf 87' lang='lat' dir='ltr'><strong>habet.</strong></span> <span class='ocrx_word' id='word_1_119' title='bbox 1574 1375 1607 1399; x_wconf 85' lang='lat' dir='ltr'><strong>a.</strong></span> <span class='ocrx_word' id='word_1_120' title='bbox 1655 1364 1764 1398; x_wconf 82' lang='lat' dir='ltr'><strong>Vide-</strong></span> 
     </span>
     <span class='ocr_line' id='line_1_18' title="bbox 341 1422 1764 1469; baseline 0 -13"><span class='ocrx_word' id='word_1_121' title='bbox 341 1433 393 1456; x_wconf 19' lang='lat' dir='ltr'><strong>Aas</strong></span> <span class='ocrx_word' id='word_1_122' title='bbox 418 1424 551 1466; x_wconf 88' lang='lat' dir='ltr'><strong>tamen,</strong></span> <span class='ocrx_word' id='word_1_123' title='bbox 577 1432 670 1466; x_wconf 90' lang='lat' dir='ltr'><strong>quae</strong></span> <span class='ocrx_word' id='word_1_124' title='bbox 695 1422 886 1457; x_wconf 85' lang='lat' dir='ltr'><strong>diversitas</strong></span> <span class='ocrx_word' id='word_1_125' title='bbox 911 1422 1006 1457; x_wconf 87' lang='lat' dir='ltr'><strong>inter</strong></span> <span class='ocrx_word' id='word_1_126' title='bbox 1022 1422 1199 1457; x_wconf 78' lang='lat' dir='ltr'><strong>adiectiva</strong></span> <span class='ocrx_word' id='word_1_127' title='bbox 1222 1423 1259 1456; x_wconf 92' lang='lat' dir='ltr'><strong>in</strong></span> <span class='ocrx_word' id='word_1_128' title='bbox 1284 1424 1438 1469; x_wconf 77' lang='lat' dir='ltr'><strong>⁴-genus’</strong></span> <span class='ocrx_word' id='word_1_129' title='bbox 1463 1424 1632 1457; x_wconf 82' lang='lat' dir='ltr'><strong>exeuntia</strong></span> <span class='ocrx_word' id='word_1_130' title='bbox 1654 1423 1764 1457; x_wconf 87' lang='lat' dir='ltr'><strong>inter-</strong></span> 
     </span>
     <span class='ocr_line' id='line_1_19' title="bbox 353 1481 1776 1528; baseline 0.001 -13"><span class='ocrx_word' id='word_1_131' title='bbox 353 1481 469 1516; x_wconf 84' lang='lat' dir='ltr'><strong>cedat.</strong></span> <span class='ocrx_word' id='word_1_132' title='bbox 495 1481 555 1525; x_wconf 85' lang='lat' dir='ltr'><strong>(cf.</strong></span> <span class='ocrx_word' id='word_1_133' title='bbox 582 1491 626 1516; x_wconf 89' lang='lat' dir='ltr'><strong>ea</strong></span> <span class='ocrx_word' id='word_1_134' title='bbox 649 1492 741 1526; x_wconf 86' lang='lat' dir='ltr'><strong>quae</strong></span> <span class='ocrx_word' id='word_1_135' title='bbox 766 1481 835 1516; x_wconf 86' lang='lat' dir='ltr'><strong>sub</strong></span> <span class='ocrx_word' id='word_1_136' title='bbox 859 1481 968 1517; x_wconf 87' lang='lat' dir='ltr'><strong>finem</strong></span> <span class='ocrx_word' id='word_1_137' title='bbox 984 1481 1092 1517; x_wconf 83' lang='lat' dir='ltr'><strong>huius</strong></span> <span class='ocrx_word' id='word_1_138' title='bbox 1117 1492 1240 1528; x_wconf 84' lang='lat' dir='ltr'><strong>parag.</strong></span> <span class='ocrx_word' id='word_1_139' title='bbox 1258 1482 1472 1528; x_wconf 78' lang='lat' dir='ltr'><strong>monentur.)</strong></span> <span class='ocrx_word' id='word_1_140' title='bbox 1520 1481 1647 1517; x_wconf 83' lang='lat' dir='ltr'><strong>Omnia</strong></span> <span class='ocrx_word' id='word_1_141' title='bbox 1671 1482 1776 1516; x_wconf 88' lang='lat' dir='ltr'><strong>enim·</strong></span> 
     </span>
     <span class='ocr_line' id='line_1_20' title="bbox 353 1541 1764 1586; baseline 0.001 -12"><span class='ocrx_word' id='word_1_142' title='bbox 353 1551 408 1584; x_wconf 88' lang='lat' dir='ltr'><strong>ca,</strong></span> <span class='ocrx_word' id='word_1_143' title='bbox 433 1551 586 1585; x_wconf 90' lang='lat' dir='ltr'><strong>quorum</strong></span> <span class='ocrx_word' id='word_1_144' title='bbox 610 1541 790 1584; x_wconf 86' lang='lat' dir='ltr'><strong>posterior</strong></span> <span class='ocrx_word' id='word_1_145' title='bbox 814 1552 897 1584; x_wconf 88' lang='lat' dir='ltr'><strong>pars</strong></span> <span class='ocrx_word' id='word_1_146' title='bbox 924 1542 1073 1586; x_wconf 87' lang='lat' dir='ltr'><strong>‘genus&#39;‚</strong></span> <span class='ocrx_word' id='word_1_147' title='bbox 1104 1541 1322 1575; x_wconf 81' lang='lat' dir='ltr'><strong>substantivi</strong></span> <span class='ocrx_word' id='word_1_148' title='bbox 1346 1541 1420 1585; x_wconf 81' lang='lat' dir='ltr'><strong>vim</strong></span> <span class='ocrx_word' id='word_1_149' title='bbox 1444 1542 1563 1585; x_wconf 85' lang='lat' dir='ltr'><strong>habet,</strong></span> <span class='ocrx_word' id='word_1_150' title='bbox 1592 1542 1764 1585; x_wconf 85' lang='lat' dir='ltr'><strong>composi-</strong></span> 
     </span>
     <span class='ocr_line' id='line_1_21' title="bbox 350 1598 1764 1643; baseline 0 -11"><span class='ocrx_word' id='word_1_151' title='bbox 350 1601 470 1633; x_wconf 88' lang='lat' dir='ltr'><strong>torum</strong></span> <span class='ocrx_word' id='word_1_152' title='bbox 496 1598 785 1643; x_wconf 82' lang='lat' dir='ltr'><strong>possessivorum</strong></span> <span class='ocrx_word' id='word_1_153' title='bbox 809 1609 958 1633; x_wconf 91' lang='lat' dir='ltr'><strong>numero</strong></span> <span class='ocrx_word' id='word_1_154' title='bbox 983 1601 1068 1633; x_wconf 89' lang='lat' dir='ltr'><strong>sunt</strong></span> <span class='ocrx_word' id='word_1_155' title='bbox 1093 1599 1294 1643; x_wconf 84' lang='lat' dir='ltr'><strong>tribuenda,</strong></span> <span class='ocrx_word' id='word_1_156' title='bbox 1324 1599 1408 1633; x_wconf 91' lang='lat' dir='ltr'><strong>dum</strong></span> <span class='ocrx_word' id='word_1_157' title='bbox 1433 1599 1505 1633; x_wconf 86' lang='lat' dir='ltr'><strong>alia</strong></span> <span class='ocrx_word' id='word_1_158' title='bbox 1527 1600 1634 1634; x_wconf 87' lang='lat' dir='ltr'><strong>huius</strong></span> <span class='ocrx_word' id='word_1_159' title='bbox 1659 1599 1764 1643; x_wconf 88' lang='lat' dir='ltr'><strong>modi,</strong></span> 
     </span>
     <span class='ocr_line' id='line_1_22' title="bbox 348 1655 1763 1704; baseline 0 -12"><span class='ocrx_word' id='word_1_160' title='bbox 348 1669 501 1702; x_wconf 88' lang='lat' dir='ltr'><strong>quorum</strong></span> <span class='ocrx_word' id='word_1_161' title='bbox 526 1659 641 1693; x_wconf 86' lang='lat' dir='ltr'><strong>altera</strong></span> <span class='ocrx_word' id='word_1_162' title='bbox 656 1669 740 1703; x_wconf 85' lang='lat' dir='ltr'><strong>pars</strong></span> <span class='ocrx_word' id='word_1_163' title='bbox 765 1655 787 1692; x_wconf 82' lang='lat' dir='ltr'><strong>a</strong></span> <span class='ocrx_word' id='word_1_164' title='bbox 804 1659 915 1703; x_wconf 85' lang='lat' dir='ltr'><strong>s&#39;tirpe</strong></span> <span class='ocrx_word' id='word_1_165' title='bbox 940 1658 1078 1693; x_wconf 87' lang='lat' dir='ltr'><strong>verbali</strong></span> <span class='ocrx_word' id='word_1_166' title='bbox 1103 1659 1224 1703; x_wconf 85' lang='lat' dir='ltr'><strong>potius</strong></span> <span class='ocrx_word' id='word_1_167' title='bbox 1250 1658 1424 1704; x_wconf 89' lang='lat' dir='ltr'><strong>originem</strong></span> <span class='ocrx_word' id='word_1_168' title='bbox 1438 1658 1536 1693; x_wconf 91' lang='lat' dir='ltr'><strong>ducit</strong></span> <span class='ocrx_word' id='word_1_169' title='bbox 1559 1661 1644 1704; x_wconf 87' lang='lat' dir='ltr'><strong>sunt</strong></span> <span class='ocrx_word' id='word_1_170' title='bbox 1668 1669 1763 1693; x_wconf 88' lang='lat' dir='ltr'><strong>com-</strong></span> 
     </span>
     <span class='ocr_line' id='line_1_23' title="bbox 346 1716 1764 1764; baseline 0.001 -14"><span class='ocrx_word' id='word_1_171' title='bbox 346 1716 466 1760; x_wconf 86' lang='lat' dir='ltr'><strong>posita</strong></span> <span class='ocrx_word' id='word_1_172' title='bbox 489 1717 764 1751; x_wconf 81' lang='lat' dir='ltr'><strong>determinativa</strong></span> <span class='ocrx_word' id='word_1_173' title='bbox 788 1717 1104 1762; x_wconf 74' lang='lat' dir='ltr'><strong>(karmad‘araya).</strong></span> <span class='ocrx_word' id='word_1_174' title='bbox 1135 1717 1197 1761; x_wconf 84' lang='lat' dir='ltr'><strong>(cf.</strong></span> <span class='ocrx_word' id='word_1_175' title='bbox 1224 1717 1458 1763; x_wconf 82' lang='lat' dir='ltr'><strong>alienigenus,</strong></span> <span class='ocrx_word' id='word_1_176' title='bbox 1483 1717 1703 1764; x_wconf 87' lang='lat' dir='ltr'><strong>multigenus</strong></span> <span class='ocrx_word' id='word_1_177' title='bbox 1728 1720 1764 1751; x_wconf 80' lang='lat' dir='ltr'><strong>et</strong></span> 
     </span>
     <span class='ocr_line' id='line_1_24' title="bbox 348 1776 850 1823; baseline -0.002 -11"><span class='ocrx_word' id='word_1_178' title='bbox 348 1776 575 1823; x_wconf 85' lang='lat' dir='ltr'><strong>caecigenus,</strong></span> <span class='ocrx_word' id='word_1_179' title='bbox 600 1776 850 1823; x_wconf 87' lang='lat' dir='ltr'><strong>primigenus).</strong></span> 
     </span>
    </p>
   </div>
   <div class='ocr_carea' id='block_1_6' title="bbox 348 1847 1600 1974">
    <p class='ocr_par' dir='ltr' id='par_1_7' title="bbox 348 1847 1600 1974">
     <span class='ocr_line' id='line_1_25' title="bbox 435 1847 1420 1904; baseline 0.001 -14"><span class='ocrx_word' id='word_1_180' title='bbox 435 1847 489 1890; x_wconf 91' lang='lat' dir='ltr'><strong>In</strong></span> <span class='ocrx_word' id='word_1_181' title='bbox 521 1847 646 1903; x_wconf 88' lang='lat' dir='ltr'><strong>frgm.</strong></span> <span class='ocrx_word' id='word_1_182' title='bbox 679 1848 832 1904; x_wconf 88' lang='lat' dir='ltr'><strong>tragic.</strong></span> <span class='ocrx_word' id='word_1_183' title='bbox 865 1853 910 1890; x_wconf 85' lang='lat' dir='ltr'><strong>et</strong></span> <span class='ocrx_word' id='word_1_184' title='bbox 940 1849 1088 1891; x_wconf 85' lang='lat' dir='ltr'><strong>comio.</strong></span> <span class='ocrx_word' id='word_1_185' title='bbox 1122 1849 1257 1891; x_wconf 91' lang='lat' dir='ltr'><strong>habes</strong></span> <span class='ocrx_word' id='word_1_186' title='bbox 1290 1849 1420 1891; x_wconf 85' lang='lat' dir='ltr'><strong>haec:</strong></span> 
     </span>
     <span class='ocr_line' id='line_1_26' title="bbox 348 1918 1600 1974; baseline 0.002 -15"><span class='ocrx_word' id='word_1_187' title='bbox 348 1918 580 1974; x_wconf 89' lang='lat' dir='ltr'><strong>celeri-pes</strong></span> <span class='ocrx_word' id='word_1_188' title='bbox 616 1932 672 1960; x_wconf 82' lang='lat' dir='ltr'><strong>ex</strong></span> <span class='ocrx_word' id='word_1_189' title='bbox 704 1919 786 1961; x_wconf 86' lang='lat' dir='ltr'><strong>inc.</strong></span> <span class='ocrx_word' id='word_1_190' title='bbox 832 1920 914 1962; x_wconf 92' lang='lat' dir='ltr'><strong>inc.</strong></span> <span class='ocrx_word' id='word_1_191' title='bbox 970 1924 1023 1961; x_wconf 87' lang='lat' dir='ltr'><strong>tr.</strong></span> <span class='ocrx_word' id='word_1_192' title='bbox 1085 1919 1283 1970; x_wconf 70' lang='lat' dir='ltr'><strong>flexi-via</strong></span> <span class='ocrx_word' id='word_1_193' title='bbox 1308 1920 1418 1962; x_wconf 83' lang='lat' dir='ltr'><strong>Pac.</strong></span> <span class='ocrx_word' id='word_1_194' title='bbox 1455 1922 1536 1963; x_wconf 88' lang='lat'><strong>152</strong></span> <span class='ocrx_word' id='word_1_195' title='bbox 1556 1919 1600 1973; x_wconf 73' lang='lat'><strong>²),</strong></span> 
     </span>
    </p>
   </div>
   <div class='ocr_carea' id='block_1_7' title="bbox 331 1989 1760 2188">
    <p class='ocr_par' dir='ltr' id='par_1_8' title="bbox 331 1989 1760 2188">
     <span class='ocr_line' id='line_1_27' title="bbox 409 1989 1613 2046; baseline 0.002 -16"><span class='ocrx_word' id='word_1_196' title='bbox 409 1989 508 2031; x_wconf 82' lang='lat'>218.</span> <span class='ocrx_word' id='word_1_197' title='bbox 1089 1990 1342 2046; x_wconf 87' lang='lat' dir='ltr'><strong>gracili-pes</strong></span> <span class='ocrx_word' id='word_1_198' title='bbox 1377 1989 1471 2046; x_wconf 83' lang='lat' dir='ltr'><strong>Syr.</strong></span> <span class='ocrx_word' id='word_1_199' title='bbox 1503 2005 1538 2033; x_wconf 89' lang='lat' dir='ltr'><strong>c.</strong></span> <span class='ocrx_word' id='word_1_200' title='bbox 1573 1993 1613 2033; x_wconf 88' lang='grc'><strong>8.</strong></span> 
     </span>
     <span class='ocr_line' id='line_1_28' title="bbox 347 2058 1760 2114; baseline 0.002 -14"><span class='ocrx_word' id='word_1_201' title='bbox 347 2059 627 2101; x_wconf 70' lang='lat' dir='ltr'><strong>ilex-animus</strong></span> <span class='ocrx_word' id='word_1_202' title='bbox 643 2058 673 2112; x_wconf 88' lang='lat'><strong>¹)</strong></span> <span class='ocrx_word' id='word_1_203' title='bbox 687 2060 789 2103; x_wconf 89' lang='lat' dir='ltr'><strong>Pac.</strong></span> <span class='ocrx_word' id='word_1_204' title='bbox 811 2062 891 2109; x_wconf 76' lang='lat'><strong>177</strong></span> <span class='ocrx_word' id='word_1_205' title='bbox 910 2061 1023 2114; x_wconf 89' lang='lat' dir='ltr'><strong>(ora-</strong></span> <span class='ocrx_word' id='word_1_206' title='bbox 1084 2061 1468 2103; x_wconf 86' lang='lat' dir='ltr'><strong>incurvi-cervicus</strong></span> <span class='ocrx_word' id='word_1_207' title='bbox 1520 2061 1621 2103; x_wconf 90' lang='lat' dir='ltr'><strong>Pac.</strong></span> <span class='ocrx_word' id='word_1_208' title='bbox 1675 2063 1760 2103; x_wconf 82' lang='lat'><strong>408</strong></span> 
     </span>
     <span class='ocr_line' id='line_1_29' title="bbox 331 2130 1324 2188; baseline 0.002 -16"><span class='ocrx_word' id='word_1_209' title='bbox 331 2134 333 2136; x_wconf 77' lang='grc'><strong>’</strong></span> <span class='ocrx_word' id='word_1_210' title='bbox 408 2130 500 2186; x_wconf 81' lang='lat' dir='ltr'><strong>tio),</strong></span> <span class='ocrx_word' id='word_1_211' title='bbox 536 2131 635 2173; x_wconf 87' lang='lat'>422.</span> <span class='ocrx_word' id='word_1_212' title='bbox 1149 2132 1324 2188; x_wconf 88' lang='lat' dir='ltr'><strong>(pecus).</strong></span> 
     </span>
    </p>
   </div>
   <div class='ocr_carea' id='block_1_8' title="bbox 348 2274 618 2279">
    <p class='ocr_par' dir='ltr' id='par_1_9' title="bbox 348 2274 618 2279">
     <span class='ocr_line' id='line_1_30' title="bbox 348 2274 618 2279; baseline 0 0"><span class='ocrx_word' id='word_1_213' title='bbox 348 2274 618 2279; x_wconf 95' lang='lat' dir='ltr'><strong> </strong></span> 
     </span>
    </p>
   </div>
   <div class='ocr_carea' id='block_1_9' title="bbox 348 2354 1764 2515">
    <p class='ocr_par' dir='ltr' id='par_1_10' title="bbox 348 2354 1764 2515">
     <span class='ocr_line' id='line_1_31' title="bbox 422 2354 1764 2400; baseline 0.001 -12"><span class='ocrx_word' id='word_1_214' title='bbox 422 2354 460 2400; x_wconf 87' lang='lat'><strong>1)</strong></span> <span class='ocrx_word' id='word_1_215' title='bbox 489 2355 756 2390; x_wconf 84' lang='lat' dir='ltr'><strong>Vocabulorum</strong></span> <span class='ocrx_word' id='word_1_216' title='bbox 794 2355 1061 2400; x_wconf 82' lang='lat' dir='ltr'><strong>‘flex·animus&#39;‚</strong></span> <span class='ocrx_word' id='word_1_217' title='bbox 1092 2356 1369 2390; x_wconf 82' lang='lat' dir='ltr'><strong>‘semi-somnus‘</strong></span> <span class='ocrx_word' id='word_1_218' title='bbox 1407 2356 1540 2390; x_wconf 78' lang='lat' dir='ltr'><strong>suffixa</strong></span> <span class='ocrx_word' id='word_1_219' title='bbox 1570 2366 1764 2400; x_wconf 83' lang='lat' dir='ltr'><strong>numquam</strong></span> 
     </span>
     <span class='ocr_line' id='line_1_32' title="bbox 350 2403 1763 2456; baseline 0.001 -10"><span class='ocrx_word' id='word_1_220' title='bbox 350 2414 537 2446; x_wconf 85' lang='lat' dir='ltr'><strong>mutantur</strong></span> <span class='ocrx_word' id='word_1_221' title='bbox 561 2412 598 2446; x_wconf 90' lang='lat' dir='ltr'><strong>in</strong></span> <span class='ocrx_word' id='word_1_222' title='bbox 624 2412 683 2455; x_wconf 88' lang='lat' dir='ltr'><strong>-is,</strong></span> <span class='ocrx_word' id='word_1_223' title='bbox 715 2423 746 2456; x_wconf 90' lang='lat' dir='ltr'><strong>e,</strong></span> <span class='ocrx_word' id='word_1_224' title='bbox 784 2413 878 2456; x_wconf 89' lang='lat' dir='ltr'><strong>quod</strong></span> <span class='ocrx_word' id='word_1_225' title='bbox 902 2413 940 2446; x_wconf 90' lang='lat' dir='ltr'><strong>in</strong></span> <span class='ocrx_word' id='word_1_226' title='bbox 963 2413 1153 2456; x_wconf 87' lang='lat' dir='ltr'><strong>permultis</strong></span> <span class='ocrx_word' id='word_1_227' title='bbox 1191 2413 1270 2447; x_wconf 88' lang='lat' dir='ltr'><strong>aliis</strong></span> <span class='ocrx_word' id='word_1_228' title='bbox 1297 2403 1376 2447; x_wconf 85' lang='lat' dir='ltr'><strong>fieri</strong></span> <span class='ocrx_word' id='word_1_229' title='bbox 1399 2414 1503 2456; x_wconf 81' lang='lat' dir='ltr'><strong>solet,</strong></span> <span class='ocrx_word' id='word_1_230' title='bbox 1542 2423 1633 2456; x_wconf 85' lang='lat' dir='ltr'><strong>quae</strong></span> <span class='ocrx_word' id='word_1_231' title='bbox 1659 2413 1763 2447; x_wconf 90' lang='lat' dir='ltr'><strong>modo</strong></span> 
     </span>
     <span class='ocr_line' id='line_1_33' title="bbox 348 2470 1764 2515; baseline 0.001 -11"><span class='ocrx_word' id='word_1_232' title='bbox 348 2471 384 2504; x_wconf 89' lang='lat' dir='ltr'><strong>in</strong></span> <span class='ocrx_word' id='word_1_233' title='bbox 423 2481 496 2515; x_wconf 85' lang='lat' dir='ltr'><strong>-us‚</strong></span> <span class='ocrx_word' id='word_1_234' title='bbox 521 2481 555 2515; x_wconf 86' lang='lat' dir='ltr'><strong>a,</strong></span> <span class='ocrx_word' id='word_1_235' title='bbox 580 2482 653 2515; x_wconf 87' lang='lat' dir='ltr'><strong>um,</strong></span> <span class='ocrx_word' id='word_1_236' title='bbox 678 2470 785 2504; x_wconf 88' lang='lat' dir='ltr'><strong>modo</strong></span> <span class='ocrx_word' id='word_1_237' title='bbox 821 2471 858 2504; x_wconf 92' lang='lat' dir='ltr'><strong>in</strong></span> <span class='ocrx_word' id='word_1_238' title='bbox 896 2471 944 2505; x_wconf 86' lang='lat' dir='ltr'><strong>-is</strong></span> <span class='ocrx_word' id='word_1_239' title='bbox 970 2481 1001 2515; x_wconf 89' lang='lat' dir='ltr'><strong>e,</strong></span> <span class='ocrx_word' id='word_1_240' title='bbox 1027 2471 1206 2505; x_wconf 82' lang='lat' dir='ltr'><strong>desinunt.</strong></span> <span class='ocrx_word' id='word_1_241' title='bbox 1244 2471 1316 2505; x_wconf 85' lang='lat' dir='ltr'><strong>vid.</strong></span> <span class='ocrx_word' id='word_1_242' title='bbox 1353 2471 1415 2505; x_wconf 91' lang='lat' dir='ltr'><strong>de</strong></span> <span class='ocrx_word' id='word_1_243' title='bbox 1434 2471 1501 2505; x_wconf 84' lang='lat' dir='ltr'><strong>hac</strong></span> <span class='ocrx_word' id='word_1_244' title='bbox 1525 2482 1564 2505; x_wconf 90' lang='lat' dir='ltr'><strong>re</strong></span> <span class='ocrx_word' id='word_1_245' title='bbox 1600 2471 1764 2505; x_wconf 80' lang='lat' dir='ltr'><strong>Kiihneri</strong></span> 
     </span>
    </p>
   </div>
   <div class='ocr_carea' id='block_1_10' title="bbox 290 2530 1827 2634">
    <p class='ocr_par' dir='ltr' id='par_1_11' title="bbox 290 2530 1827 2634">
     <span class='ocr_line' id='line_1_34' title="bbox 290 2530 1386 2582; baseline 0 -17"><span class='ocrx_word' id='word_1_246' title='bbox 290 2531 294 2541; x_wconf 87' lang='lat'><em>¹</em></span> <span class='ocrx_word' id='word_1_247' title='bbox 349 2541 500 2576; x_wconf 84' lang='lat' dir='ltr'><strong>gramm.</strong></span> <span class='ocrx_word' id='word_1_248' title='bbox 525 2531 589 2565; x_wconf 86' lang='lat' dir='ltr'><strong>lat.</strong></span> <span class='ocrx_word' id='word_1_249' title='bbox 614 2530 633 2565; x_wconf 93' lang='grc' dir='ltr'>Ι</span> <span class='ocrx_word' id='word_1_250' title='bbox 658 2542 692 2575; x_wconf 91' lang='lat' dir='ltr'><strong>p.</strong></span> <span class='ocrx_word' id='word_1_251' title='bbox 720 2532 800 2565; x_wconf 82' lang='lat'>352.</span> <span class='ocrx_word' id='word_1_252' title='bbox 826 2530 936 2565; x_wconf 86' lang='lat' dir='ltr'><strong>Besta</strong></span> <span class='ocrx_word' id='word_1_253' title='bbox 959 2531 1045 2565; x_wconf 90' lang='lat' dir='ltr'><strong>inl.</strong></span> <span class='ocrx_word' id='word_1_254' title='bbox 1072 2542 1101 2565; x_wconf 90' lang='lat' dir='ltr'><strong>c.</strong></span> <span class='ocrx_word' id='word_1_255' title='bbox 1127 2542 1162 2582; x_wconf 85' lang='lat' dir='ltr'><strong>p.</strong></span> <span class='ocrx_word' id='word_1_256' title='bbox 1189 2533 1222 2575; x_wconf 89' lang='lat'><strong>6,</strong></span> <span class='ocrx_word' id='word_1_257' title='bbox 1247 2531 1328 2566; x_wconf 84' lang='lat' dir='ltr'><strong>adn.</strong></span> <span class='ocrx_word' id='word_1_258' title='bbox 1353 2535 1386 2565; x_wconf 93' lang='lat'><strong>4.</strong></span> 
     </span>
     <span class='ocr_line' id='line_1_35' title="bbox 420 2586 1827 2634; baseline 0.001 -11.001"><span class='ocrx_word' id='word_1_259' title='bbox 420 2589 460 2634; x_wconf 80' lang='lat'><strong>2)</strong></span> <span class='ocrx_word' id='word_1_260' title='bbox 485 2590 588 2624; x_wconf 86' lang='lat' dir='ltr'><strong>Hanc</strong></span> <span class='ocrx_word' id='word_1_261' title='bbox 619 2589 808 2624; x_wconf 82' lang='lat' dir='ltr'><strong>lectionem</strong></span> <span class='ocrx_word' id='word_1_262' title='bbox 840 2600 862 2623; x_wconf 90' lang='lat' dir='ltr'><strong>a</strong></span> <span class='ocrx_word' id='word_1_263' title='bbox 892 2589 1017 2624; x_wconf 77' lang='lat' dir='ltr'><strong>Grotio</strong></span> <span class='ocrx_word' id='word_1_264' title='bbox 1048 2591 1224 2634; x_wconf 81' lang='lat' dir='ltr'><strong>prolatam</strong></span> <span class='ocrx_word' id='word_1_265' title='bbox 1253 2610 1295 2615; x_wconf 91' lang='lat'>—</span> <span class='ocrx_word' id='word_1_266' title='bbox 1327 2590 1472 2624; x_wconf 86' lang='lat' dir='ltr'><strong>flexivia</strong></span> <span class='ocrx_word' id='word_1_267' title='bbox 1502 2586 1610 2623; x_wconf 77' lang='lat' dir='ltr'><strong>dictio</strong></span> <span class='ocrx_word' id='word_1_268' title='bbox 1644 2609 1686 2615; x_wconf 92' lang='lat'><em>—</em></span> <span class='ocrx_word' id='word_1_269' title='bbox 1719 2591 1762 2627; x_wconf 82' lang='lat' dir='ltr'><strong>G</strong></span> <span class='ocrx_word' id='word_1_270' title='bbox 1818 2600 1827 2609; x_wconf 83' lang='lat'><em>·</em></span> 
     </span>
    </p>
   </div>
   <div class='ocr_carea' id='block_1_11' title="bbox 348 2648 1622 2696">
    <p class='ocr_par' dir='ltr' id='par_1_12' title="bbox 348 2648 1622 2696">
     <span class='ocr_line' id='line_1_36' title="bbox 348 2648 1622 2696; baseline -0.001 -10"><span class='ocrx_word' id='word_1_271' title='bbox 348 2648 554 2692; x_wconf 82' lang='lat' dir='ltr'><strong>Hermanno</strong></span> <span class='ocrx_word' id='word_1_272' title='bbox 578 2649 766 2696; x_wconf 81' lang='lat' dir='ltr'><strong>probatam</strong></span> <span class='ocrx_word' id='word_1_273' title='bbox 792 2648 987 2686; x_wconf 81' lang='lat' dir='ltr'><strong>retineam·</strong></span> <span class='ocrx_word' id='word_1_274' title='bbox 1012 2649 1231 2686; x_wconf 81' lang='lat' dir='ltr'><strong>Ribbeckius</strong></span> <span class='ocrx_word' id='word_1_275' title='bbox 1258 2650 1396 2686; x_wconf 80' lang='lat' dir='ltr'><strong>mavult</strong></span> <span class='ocrx_word' id='word_1_276' title='bbox 1421 2648 1622 2686; x_wconf 81' lang='lat' dir='ltr'><strong>‘flexidiee’.</strong></span> 
     </span>
    </p>
   </div>
  </div>
 </body>
</html>
