1996 3071
462 283 678 332 Terentii:

401 375 716 427 percontumax

401 430 607 497 perfertis
672 437 675 439 ’

398 505 614 569 'perscitus

461 667 655 711 Lueretii
664 683 673 710 ε

401 750 644 807 pei-delirus

401 822 633 877 perdulcis.
666 821 720 876 (¹)

1083 175 1139 217 52

1198 291 1364 334 Plautit
1414 289 1418 293 ⁴
1466 292 1469 293 ⁷

1139 374 1450 431 pergraphicus

1140 437 1389 502 perlepidus
1452 459 1460 465 ·
1537 458 1541 460 ’

1142 515 1483 572 perlongiriquus

1143 587 1348 643 perniger

1205 667 1400 724 Afranii3

1138 751 1351 809 perfalsus

1137 823 1497 880 perpalaestrieos
1528 824 1565 877 (-
1566 824 1688 878 κῶς).

490 903 620 959 Raro,
652 916 805 947 verum
835 902 951 960 apud
982 903 1130 960 plures
1161 904 1391 961 scriptores
1424 904 1721 948 inveniuntur:

399 978 694 1042 perbenignus
728 983 827 1028 Ter.
861 984 950 1028 Cic.

399 1055 616 1121 perbonus
647 1056 715 1099 Pl.
748 1055 837 1099 Cic.

399 1140 603 1185 percarus
635 1121 736 1171 Ter.
768 1127 857 1171 Cic.

398 1198 618 1254 perfacilis
648 1198 717 1241 Pl.
749 1188 869 1242 Atta.

398 1268 656 1327 perfidiosus
687 1269 754 1312 ΡΙ.
788 1268 911 1323 Cie.²)

397 1340 655 1397 pergrandis
686 1339 753 1383 Pl.
787 1340 876 1384 Cic.
908 1341 1004 1384 Liv.

396 1412 613 1467 periratus
644 1411 712 1455 Pl.
775 1412 864 1455 Cic.

396 1482 672 1538 perliberalis
705 1482 803 1526 Ter.
836 1482 926 1525 Cic.

397 1552 632 1609 perlongus
664 1553 732 1596 Pl.
765 1553 865 1596 Ter.
897 1554 987 1596 Cic.

396 1622 633 1680 perlubens
664 1623 731 1665 Pl.
765 1623 864 1666 Ter.
897 1623 995 1682 Cic.

395 1693 644 1750 perlucidus
676 1694 743 1737 Pl.
777 1695 946 1751 (postea
977 1708 1072 1738 sae-

453 1764 584 1821 pius).
616 1776 618 1779 ’

1132 987 1399 1051 permagnus
1475 985 1573 1029 Ter.
1643 988 1810 1044 (postea

1168 1047 1372 1114 saepius).

1134 1127 1347 1185 permirus
1378 1128 1444 1171 ΡΙ.
1479 1127 1567 1171 Cic.

1137 1212 1374 1256 perparvus
1406 1199 1472 1242 Pl.
1514 1201 1682 1279 (postea
1716 1214 1809 1242 sae-

1194 1271 1353 1327 pius).
1453 1312 1456 1315 .
1594 1281 1597 1285 ’

1135 1355 1379 1399 perpauper
1409 1341 1511 1384 Afr·
1543 1341 1632 1386 Cic.

1135 1413 1481 1470 perpropinquus
1511 1411 1605 1455 Att.
1638 1411 1726 1454 Cic.

1133 1484 1391 1540 perpulcher
1427 1483 1526 1526 Ter.
1565 1483 1632 1525 Pl.
1673 1483 1807 1537 (uter-

1121 1598 1123 1600 ,
1193 1568 1276 1611 que
1308 1554 1474 1608 semel).

1134 1625 1383 1682 persuptilis
1415 1624 1543 1667 Lucr.
1576 1623 1664 1666 Cic.

1133 1696 1475 1752 perterricrepus
1506 1694 1634 1737 Lucr.

1132 1765 1334 1825 pertinax
1364 1765 1587 1822 (saepius).

484 1835 595 1879 Cum
625 1836 760 1892 igitur
791 1835 1023 1880 Terentius
1055 1837 1310 1894 saepissime
1341 1835 1590 1894 compositis
1628 1833 1805 1877 adiecti*

394 1907 486 1967 vis„
507 1921 688 1964 quorum
728 1908 846 1964 prior
891 1895 991 1965 pars
1039 1909 1362 1966 praepositione
1410 1907 1514 1965 ‘per'
1562 1906 1806 1950 continetur

393 1990 496 2039 usus
518 1978 588 2034 sit,
620 1990 762 2035 neque
796 1977 1074 2035 dubitaverit,
1107 1979 1211 2022 licet
1232 1979 1325 2021 eius
1353 1991 1494 2025 sermo
1531 1975 1803 2019 restrictiori-

393 2047 474 2091 bus
506 2046 820 2105 quodammodo
858 2048 1016 2093 finibus
1058 2050 1115 2093 sit
1155 2049 1342 2093 coercita
1379 2047 1589 2103 nonnulla
1628 2059 1802 2102 novare,

393 2131 542 2161 vocem
573 2131 783 2180 perparce
815 2117 949 2173 (And.
983 2113 1262 2178 455),‘.quam
1293 2118 1415 2162 codd.
1456 2116 1632 2172 habent,
1664 2115 1720 2159 ab
1751 2129 1802 2158 eo

392 2202 480 2231 non
513 2188 770 2245 abiudieem‚
819 2189 934 2246 quod
980 2188 1156 2246 quidem
1201 2188 1577 2246 Umpfenbaohius
1623 2186 1801 2242 mavult,

393 2258 469 2315 qui
503 2258 626 2315 legit,
660 2259 934 2316 ‘pernimium
956 2259 1114 2325 parce',
1137 2258 1207 2314 (⁸)
1213 2259 1296 2302 nisi
1318 2258 1430 2302 forte
1458 2257 1643 2302 eandem
1674 2256 1800 2300 huius

415 2399 450 2442 l)
480 2397 527 2432 cf.
552 2396 696 2432 Reines.
721 2396 809 2432 inse.
836 2409 881 2432 c.
907 2398 964 2432 20.
989 2399 1152 2432 no.150.

417 2459 454 2501 2)
485 2451 728 2492 ‘Perfidiosus'
753 2455 882 2492 adiecti
870 2468 971 2492 ivum
995 2456 1219 2499 derivatione
1243 2466 1304 2502 qm
1294 2456 1387 2499 idem
1412 2459 1468 2493 est
1503 2458 1621 2491 ortum
1656 2466 1701 2491 ex
1738 2456 1801 2491 ad·

483 2513 614 2550 ieetivo
639 2515 841 2559 perfidum
877 2515 1152 2565 enumerandem
1191 2517 1311 2550 tamen
1335 2517 1412 2550 erat
1436 2515 1604 2551 hocloco
1639 2524 1719 2551 eam
1754 2515 1799 2548 ob

485 2571 671 2620 rationem,
695 2585 789 2620 quae
813 2585 890 2620 cap.
916 2575 935 2610 1
959 2574 1103 2622 legitur.

415 2633 453 2682 8)
486 2643 558 2668 vox
581 2634 816 2678 ‘pernimium‘
841 2634 939 2678 apud
963 2633 1171 2670 Terentium
1197 2633 1306 2668 variis
1330 2635 1422 2671 loeis
1442 2634 1564 2669 invem
1551 2633 1636 2669 ir.tu
